[
    {
        "ID_Produto": "650222",
        "Categoria_Scraping": "mercearia",
        "Nome": "Farinha de Trigo T55 sem Fermento",
        "Marca": "Pingo Doce",
        "Preco": 0.65,
        "Unidade_Info": "1 Kg | 0,65 €/Kg",
        "Categorias_GTM": "As Nossas Marcas, Pingo Doce, Categoria Referência SFCC, Farinha e Fermento, Mercearia",
        "Data_Coleta": "2025-06-01 01:26:49"
    },
    {
        "ID_Produto": "922815",
        "Categoria_Scraping": "mercearia",
        "Nome": "Óleo Alimentar",
        "Marca": "Pingo Doce",
        "Preco": 1.69,
        "Unidade_Info": "1 L | 1,69 €/L",
        "Categorias_GTM": "As Nossas Marcas, Pingo Doce, Azeite, Óleo e Vinagre, Mercearia, Óleo",
        "Data_Coleta": "2025-06-01 01:26:49"
    },
    {
        "ID_Produto": "1805",
        "Categoria_Scraping": "mercearia",
        "Nome": "Sal Fino",
        "Marca": "Pingo Doce",
        "Preco": 0.25,
        "Unidade_Info": "0.25 Kg | 1 €/Kg",
        "Categorias_GTM": "Mercearia, Sal, Temperos, As Nossas Marcas, Pingo Doce",
        "Data_Coleta": "2025-06-01 01:26:49"
    },
    {
        "ID_Produto": "1960",
        "Categoria_Scraping": "mercearia",
        "Nome": "Sal Grosso",
        "Marca": "Pingo Doce",
        "Preco": 0.29,
        "Unidade_Info": "1 Kg | 0,29 €/Kg",
        "Categorias_GTM": "As Nossas Marcas, Pingo Doce, Mercearia, Sal, Temperos",
        "Data_Coleta": "2025-06-01 01:26:49"
    },
    {
        "ID_Produto": "11001",
        "Categoria_Scraping": "mercearia",
        "Nome": "Farinha de Trigo Fina com Fermento",
        "Marca": "Branca de Neve",
        "Preco": 1.79,
        "Unidade_Info": "1 Kg | 1,79 €/Kg",
        "Categorias_GTM": "Categoria Referência SFCC, Farinha e Fermento, Mercearia",
        "Data_Coleta": "2025-06-01 01:26:49"
    },
    {
        "ID_Produto": "650224",
        "Categoria_Scraping": "mercearia",
        "Nome": "Farinha de Trigo Super Fina com Fermento",
        "Marca": "Pingo Doce",
        "Preco": 0.69,
        "Unidade_Info": "1 Kg | 0,69 €/Kg",
        "Categorias_GTM": "As Nossas Marcas, Pingo Doce, Categoria Referência SFCC, Farinha e Fermento, Mercearia",
        "Data_Coleta": "2025-06-01 01:26:49"
    },
    {
        "ID_Produto": "884221",
        "Categoria_Scraping": "mercearia",
        "Nome": "Óleo Alimentar",
        "Marca": "Pingo Doce",
        "Preco": 4.99,
        "Unidade_Info": "3 L | 1,66 €/L",
        "Categorias_GTM": "As Nossas Marcas, Pingo Doce, Azeite, Óleo e Vinagre, Mercearia, Óleo",
        "Data_Coleta": "2025-06-01 01:26:49"
    },
    {
        "ID_Produto": "101673",
        "Categoria_Scraping": "mercearia",
        "Nome": "Óleo Alimentar",
        "Marca": "Fula",
        "Preco": 5.49,
        "Unidade_Info": "3 L | 1,83 €/L",
        "Categorias_GTM": "Azeite, Óleo e Vinagre, Mercearia, Óleo, Categoria Referência SFCC, Poupe Este Fim De Semana",
        "Data_Coleta": "2025-06-01 01:26:49"
    },
    {
        "ID_Produto": "621280",
        "Categoria_Scraping": "mercearia",
        "Nome": "Óleo Alimentar",
        "Marca": "Fula",
        "Preco": 2.02,
        "Unidade_Info": "1 L | 2,02 €/L",
        "Categorias_GTM": "Categoria Referência SFCC, Azeite, Óleo e Vinagre, Mercearia, Óleo",
        "Data_Coleta": "2025-06-01 01:26:49"
    },
    {
        "ID_Produto": "10368",
        "Categoria_Scraping": "mercearia",
        "Nome": "Sal Grosso",
        "Marca": "Vatel",
        "Preco": 0.54,
        "Unidade_Info": "1 Kg | 0,54 €/Kg",
        "Categorias_GTM": "Mercearia, Sal, Temperos, Categoria Referência SFCC",
        "Data_Coleta": "2025-06-01 01:26:49"
    },
    {
        "ID_Produto": "876918",
        "Categoria_Scraping": "mercearia",
        "Nome": "Sal Rosa dos Himalaias Grosso",
        "Marca": "Origens Bio",
        "Preco": 1.39,
        "Unidade_Info": "0.5 Kg | 2,78 €/Kg",
        "Categorias_GTM": "Mercearia, Sal, Temperos, Categoria Referência SFCC",
        "Data_Coleta": "2025-06-01 01:26:49"
    },
    {
        "ID_Produto": "643460",
        "Categoria_Scraping": "mercearia",
        "Nome": "Açúcar Branco Granulado",
        "Marca": "Pingo Doce",
        "Preco": 0.99,
        "Unidade_Info": "1 Kg | 0,99 €/Kg",
        "Categorias_GTM": "As Nossas Marcas, Pingo Doce, Categoria Referência SFCC, Açúcar e Adoçante, Mercearia",
        "Data_Coleta": "2025-06-01 01:26:49"
    },
    {
        "ID_Produto": "651101",
        "Categoria_Scraping": "mercearia",
        "Nome": "Arroz Basmati",
        "Marca": "Pingo Doce",
        "Preco": 1.99,
        "Unidade_Info": "1 Kg | 1,99 €/Kg",
        "Categorias_GTM": "As Nossas Marcas, Pingo Doce, Categoria Referência SFCC, Arroz, Arroz e Massa",
        "Data_Coleta": "2025-06-01 01:27:02"
    },
    {
        "ID_Produto": "559260",
        "Categoria_Scraping": "mercearia",
        "Nome": "Atum Posta ao Natural",
        "Marca": "Pingo Doce",
        "Preco": 0.89,
        "Unidade_Info": "0.085 Kg | 10,47 €/Kg",
        "Categorias_GTM": "Categoria Referência SFCC, Atum, Conservas, Mercearia, As Nossas Marcas",
        "Data_Coleta": "2025-06-01 01:27:02"
    },
    {
        "ID_Produto": "654603",
        "Categoria_Scraping": "mercearia",
        "Nome": "Azeite As Nossas Planície Virgem Extra",
        "Marca": "Pingo Doce",
        "Preco": 4.69,
        "Unidade_Info": "0.75 L | 6,25 €/L",
        "Categorias_GTM": "Azeite, Azeite, Óleo e Vinagre, Mercearia, As Nossas Marcas, Pingo Doce",
        "Data_Coleta": "2025-06-01 01:27:02"
    },
    {
        "ID_Produto": "705656",
        "Categoria_Scraping": "mercearia",
        "Nome": "Azeite Virgem Extra Nossas Planicies",
        "Marca": "Pingo Doce",
        "Preco": 17.55,
        "Unidade_Info": "3 L | 5,85 €/L",
        "Categorias_GTM": "As Nossas Marcas, Pingo Doce, Categoria Referência SFCC, Azeite, Azeite, Óleo e Vinagre",
        "Data_Coleta": "2025-06-01 01:27:02"
    },
    {
        "ID_Produto": "598150",
        "Categoria_Scraping": "mercearia",
        "Nome": "Cogumelos Laminados em Lata",
        "Marca": "Pingo Doce",
        "Preco": 1.19,
        "Unidade_Info": "0.185 Kg | 6,43 €/Kg",
        "Categorias_GTM": "Cogumelos e Outros Vegetais, Conservas, Mercearia, As Nossas Marcas, Pingo Doce",
        "Data_Coleta": "2025-06-01 01:27:02"
    },
    {
        "ID_Produto": "838456",
        "Categoria_Scraping": "mercearia",
        "Nome": "Massa Esparguete",
        "Marca": "Pingo Doce",
        "Preco": 0.75,
        "Unidade_Info": "0.5 Kg | 1,5 €/Kg",
        "Categorias_GTM": "As Nossas Marcas, Pingo Doce, Arroz e Massa, Massa, Mercearia",
        "Data_Coleta": "2025-06-01 01:27:02"
    },
    {
        "ID_Produto": "559259",
        "Categoria_Scraping": "mercearia",
        "Nome": "Atum Posta em Azeite",
        "Marca": "Pingo Doce",
        "Preco": 1.12,
        "Unidade_Info": "0.085 Kg | 13,18 €/Kg",
        "Categorias_GTM": "Categoria Referência SFCC, Conservas, Mercearia, Atum, As Nossas Marcas",
        "Data_Coleta": "2025-06-01 01:27:02"
    },
    {
        "ID_Produto": "859288",
        "Categoria_Scraping": "mercearia",
        "Nome": "Azeite Beirão",
        "Marca": "Beirão",
        "Preco": 3.75,
        "Unidade_Info": "0.75 L | 5 €/L",
        "Categorias_GTM": "Categoria Referência SFCC, Azeite, Azeite, Óleo e Vinagre, Mercearia, Poupe Este Fim De Semana",
        "Data_Coleta": "2025-06-01 01:27:02"
    },
    {
        "ID_Produto": "906654",
        "Categoria_Scraping": "mercearia",
        "Nome": "Azeite Virgem Extra Especial",
        "Marca": "Oliveira da Serra",
        "Preco": 20.39,
        "Unidade_Info": "3 L | 6,8 €/L",
        "Categorias_GTM": "Azeite, Azeite, Óleo e Vinagre, Mercearia, Categoria Referência SFCC, Poupe Este Fim De Semana",
        "Data_Coleta": "2025-06-01 01:27:02"
    },
    {
        "ID_Produto": "927084",
        "Categoria_Scraping": "mercearia",
        "Nome": "Cápsulas de Café Buondi",
        "Marca": "Nescafé Dolce Gusto",
        "Preco": 19.49,
        "Unidade_Info": "64 Un | 0,3 €/Un",
        "Categorias_GTM": "Café, Chá e Bebidas Quentes, Cápsulas de Café, Mercearia, Categoria Referência SFCC",
        "Data_Coleta": "2025-06-01 01:27:02"
    },
    {
        "ID_Produto": "724395",
        "Categoria_Scraping": "mercearia",
        "Nome": "Atum Posta em Óleo",
        "Marca": "Costatum",
        "Preco": 0.88,
        "Unidade_Info": "0.072 Kg | 12,22 €/Kg",
        "Categorias_GTM": "Categoria Referência SFCC, Atum, Conservas, Mercearia",
        "Data_Coleta": "2025-06-01 01:27:02"
    },
    {
        "ID_Produto": "623900",
        "Categoria_Scraping": "mercearia",
        "Nome": "Arroz Agulha",
        "Marca": "Cigala",
        "Preco": 1.38,
        "Unidade_Info": "1 Kg | 1,38 €/Kg",
        "Categorias_GTM": "Arroz, Arroz e Massa, Mercearia, Categoria Referência SFCC, Poupe Esta Semana",
        "Data_Coleta": "2025-06-01 01:27:02"
    },
    {
        "ID_Produto": "651178",
        "Categoria_Scraping": "mercearia",
        "Nome": "Arroz Agulha Europa",
        "Marca": "Pingo Doce",
        "Preco": 1.25,
        "Unidade_Info": "1 Kg | 1,25 €/Kg",
        "Categorias_GTM": "As Nossas Marcas, Pingo Doce, Categoria Referência SFCC, Arroz, Arroz e Massa",
        "Data_Coleta": "2025-06-01 01:27:08"
    },
    {
        "ID_Produto": "651179",
        "Categoria_Scraping": "mercearia",
        "Nome": "Arroz Vaporizado",
        "Marca": "Pingo Doce",
        "Preco": 1.35,
        "Unidade_Info": "1 Kg | 1,35 €/Kg",
        "Categorias_GTM": "As Nossas Marcas, Pingo Doce, Categoria Referência SFCC, Mercearia, Arroz",
        "Data_Coleta": "2025-06-01 01:27:08"
    },
    {
        "ID_Produto": "844501",
        "Categoria_Scraping": "mercearia",
        "Nome": "Atum Posta ao Natural",
        "Marca": "Costatum",
        "Preco": 0.88,
        "Unidade_Info": "0.077 Kg | 11,43 €/Kg",
        "Categorias_GTM": "Categoria Referência SFCC, Atum, Conservas, Mercearia",
        "Data_Coleta": "2025-06-01 01:27:08"
    },
    {
        "ID_Produto": "925277",
        "Categoria_Scraping": "mercearia",
        "Nome": "Atum Posta ao Natural em Água",
        "Marca": "Pingo Doce",
        "Preco": 2.65,
        "Unidade_Info": "0.27 Kg | 9,81 €/Kg",
        "Categorias_GTM": "As Nossas Marcas, Pingo Doce, Atum, Mercearia, Conservas",
        "Data_Coleta": "2025-06-01 01:27:08"
    },
    {
        "ID_Produto": "700039",
        "Categoria_Scraping": "mercearia",
        "Nome": "Atum Posta em Azeite",
        "Marca": "Bom Petisco",
        "Preco": 2.24,
        "Unidade_Info": "0.078 Kg | 28,72 €/Kg",
        "Categorias_GTM": "Categoria Referência SFCC, Atum, Conservas, Mercearia",
        "Data_Coleta": "2025-06-01 01:27:08"
    },
    {
        "ID_Produto": "620648",
        "Categoria_Scraping": "mercearia",
        "Nome": "Atum Posta em Óleo",
        "Marca": "Bom Petisco",
        "Preco": 1.72,
        "Unidade_Info": "0.078 Kg | 22,05 €/Kg",
        "Categorias_GTM": "Categoria Referência SFCC, Atum, Conservas, Mercearia",
        "Data_Coleta": "2025-06-01 01:27:08"
    },
    {
        "ID_Produto": "753720",
        "Categoria_Scraping": "mercearia",
        "Nome": "Atum Posta em Óleo",
        "Marca": "Pingo Doce",
        "Preco": 0.93,
        "Unidade_Info": "0.085 Kg | 10,94 €/Kg",
        "Categorias_GTM": "Atum, Conservas, Mercearia, Categoria Referência SFCC, As Nossas Marcas",
        "Data_Coleta": "2025-06-01 01:27:08"
    },
    {
        "ID_Produto": "649509",
        "Categoria_Scraping": "mercearia",
        "Nome": "Atum Posta em Óleo",
        "Marca": "Pingo Doce",
        "Preco": 2.65,
        "Unidade_Info": "0.25 Kg | 10,6 €/Kg",
        "Categorias_GTM": "As Nossas Marcas, Pingo Doce, Categoria Referência SFCC, Conservas, Mercearia",
        "Data_Coleta": "2025-06-01 01:27:08"
    },
    {
        "ID_Produto": "755922",
        "Categoria_Scraping": "mercearia",
        "Nome": "Azeite Subtil",
        "Marca": "Gallo",
        "Preco": 4.99,
        "Unidade_Info": "0.75 L | 6,65 €/L",
        "Categorias_GTM": "Categoria Referência SFCC, Azeite, Azeite, Óleo e Vinagre, Mercearia",
        "Data_Coleta": "2025-06-01 01:27:08"
    },
    {
        "ID_Produto": "695103",
        "Categoria_Scraping": "mercearia",
        "Nome": "Batatas Fritas Palha",
        "Marca": "Pingo Doce",
        "Preco": 1.09,
        "Unidade_Info": "0.2 Kg | 5,45 €/Kg",
        "Categorias_GTM": "Categoria Referência SFCC, As Nossas Marcas, Pingo Doce, Batatas Fritas, Mercearia",
        "Data_Coleta": "2025-06-01 01:27:08"
    },
    {
        "ID_Produto": "673345",
        "Categoria_Scraping": "mercearia",
        "Nome": "Bolachas Maria",
        "Marca": "Pingo Doce",
        "Preco": 1.65,
        "Unidade_Info": "0.8 Kg | 2,06 €/Kg",
        "Categorias_GTM": "Categoria Referência SFCC, As Nossas Marcas, Pingo Doce, Bolachas, Maria, Manteiga e Clássicas",
        "Data_Coleta": "2025-06-01 01:27:08"
    },
    {
        "ID_Produto": "692913",
        "Categoria_Scraping": "mercearia",
        "Nome": "Café em Grão",
        "Marca": "Supreme",
        "Preco": 10.99,
        "Unidade_Info": "1 Kg | 10,99 €/Kg",
        "Categorias_GTM": "Categoria Referência SFCC, Café, Chá e Bebidas Quentes, Café Moído e Grão, Mercearia",
        "Data_Coleta": "2025-06-01 01:27:08"
    },
    {
        "ID_Produto": "56746",
        "Categoria_Scraping": "mercearia",
        "Nome": "Café em Grão Clássico",
        "Marca": "Sical",
        "Preco": 15.39,
        "Unidade_Info": "1 Kg | 15,39 €/Kg",
        "Categorias_GTM": "Café, Chá e Bebidas Quentes, Café Moído e Grão, Mercearia, Categoria Referência SFCC, Poupe Esta Semana",
        "Data_Coleta": "2025-06-01 01:27:14"
    },
    {
        "ID_Produto": "942281",
        "Categoria_Scraping": "mercearia",
        "Nome": "Cápsulas de Café Aromático",
        "Marca": "Pingo Doce",
        "Preco": 7.99,
        "Unidade_Info": "30 Un | 0,27 €/Un",
        "Categorias_GTM": "As Nossas Marcas, Pingo Doce, Café, Chá e Bebidas Quentes, Cápsulas de Café, Mercearia",
        "Data_Coleta": "2025-06-01 01:27:14"
    },
    {
        "ID_Produto": "942280",
        "Categoria_Scraping": "mercearia",
        "Nome": "Cápsulas de Café Corposo",
        "Marca": "Pingo Doce",
        "Preco": 7.99,
        "Unidade_Info": "30 Un | 0,27 €/Un",
        "Categorias_GTM": "Café, Chá e Bebidas Quentes, Cápsulas de Café, Mercearia, Categoria Referência SFCC, As Nossas Marcas",
        "Data_Coleta": "2025-06-01 01:27:14"
    },
    {
        "ID_Produto": "951844",
        "Categoria_Scraping": "mercearia",
        "Nome": "Cápsulas de Café Nespresso Original",
        "Marca": "Buondi",
        "Preco": 10.99,
        "Unidade_Info": "36 Un | 0,31 €/Un",
        "Categorias_GTM": "Categoria Referência SFCC, Café, Chá e Bebidas Quentes, Cápsulas de Café, Mercearia",
        "Data_Coleta": "2025-06-01 01:27:14"
    },
    {
        "ID_Produto": "928576",
        "Categoria_Scraping": "mercearia",
        "Nome": "Cápsulas de Café Qalidus",
        "Marca": "Delta Q",
        "Preco": 27.99,
        "Unidade_Info": "80 Un | 0,35 €/Un",
        "Categorias_GTM": "Café, Chá e Bebidas Quentes, Cápsulas de Café, Mercearia, Categoria Referência SFCC",
        "Data_Coleta": "2025-06-01 01:27:14"
    },
    {
        "ID_Produto": "959274",
        "Categoria_Scraping": "mercearia",
        "Nome": "Cápsulas de Café Qharacter",
        "Marca": "Delta Q",
        "Preco": 27.99,
        "Unidade_Info": "80 Un | 0,35 €/Un",
        "Categorias_GTM": "Café, Chá e Bebidas Quentes, Cápsulas de Café, Mercearia, Categoria Referência SFCC",
        "Data_Coleta": "2025-06-01 01:27:14"
    },
    {
        "ID_Produto": "311562",
        "Categoria_Scraping": "mercearia",
        "Nome": "Cereais de Chocolate",
        "Marca": "Chocapic",
        "Preco": 3.49,
        "Unidade_Info": "0.625 Kg | 5,58 €/Kg",
        "Categorias_GTM": "Poupe Esta Semana, Promoções, Cereais e Barras, Infantis e Juvenis, Mercearia",
        "Data_Coleta": "2025-06-01 01:27:14"
    },
    {
        "ID_Produto": "559180",
        "Categoria_Scraping": "mercearia",
        "Nome": "Filetes de Atum em Azeite",
        "Marca": "Pingo Doce",
        "Preco": 1.79,
        "Unidade_Info": "0.085 Kg | 21,06 €/Kg",
        "Categorias_GTM": "Categoria Referência SFCC, Atum, Mercearia, Conservas, As Nossas Marcas",
        "Data_Coleta": "2025-06-01 01:27:14"
    },
    {
        "ID_Produto": "4965",
        "Categoria_Scraping": "mercearia",
        "Nome": "Grão de Bico Cozido em Frasco",
        "Marca": "Pingo Doce",
        "Preco": 0.85,
        "Unidade_Info": "0.4 Kg | 2,13 €/Kg",
        "Categorias_GTM": "Conservas, Mercearia, Categoria Referência SFCC, As Nossas Marcas, Pingo Doce",
        "Data_Coleta": "2025-06-01 01:27:14"
    },
    {
        "ID_Produto": "46271",
        "Categoria_Scraping": "mercearia",
        "Nome": "Leite Condensado",
        "Marca": "Pingo Doce",
        "Preco": 1.45,
        "Unidade_Info": "0.397 Kg | 3,65 €/Kg",
        "Categorias_GTM": "Categoria Referência SFCC, Leite Condensado e Leite de Coco, Mercearia, Sobremesas, As Nossas Marcas",
        "Data_Coleta": "2025-06-01 01:27:14"
    },
    {
        "ID_Produto": "657178",
        "Categoria_Scraping": "mercearia",
        "Nome": "Massa Espirais",
        "Marca": "Pingo Doce",
        "Preco": 0.69,
        "Unidade_Info": "0.5 Kg | 1,38 €/Kg",
        "Categorias_GTM": "Categoria Referência SFCC, As Nossas Marcas, Pingo Doce, Massa, Mercearia",
        "Data_Coleta": "2025-06-01 01:27:14"
    },
    {
        "ID_Produto": "872540",
        "Categoria_Scraping": "mercearia",
        "Nome": "Pão de Forma Branco com Côdea",
        "Marca": "Pingo Doce",
        "Preco": 0.98,
        "Unidade_Info": "0.6 Kg | 1,63 €/Kg",
        "Categorias_GTM": "Mercearia, Pão e Bolos Embalados, As Nossas Marcas, Pingo Doce, Categoria Referência SFCC",
        "Data_Coleta": "2025-06-01 01:27:14"
    },
    {
        "ID_Produto": "847560",
        "Categoria_Scraping": "mercearia",
        "Nome": "Pão de Forma sem Côdea",
        "Marca": "Bimbo",
        "Preco": 2.14,
        "Unidade_Info": "0.65 Kg | 3,29 €/Kg",
        "Categorias_GTM": "Categoria Referência SFCC, Mercearia, Pão e Bolos Embalados, Poupe Este Fim De Semana, Poupe Esta Semana",
        "Data_Coleta": "2025-06-01 01:27:19"
    },
    {
        "ID_Produto": "923974",
        "Categoria_Scraping": "mercearia",
        "Nome": "Polpa de Tomate",
        "Marca": "Pingo Doce",
        "Preco": 1.89,
        "Unidade_Info": "1 L | 1,89 €/L",
        "Categorias_GTM": "As Nossas Marcas, Pingo Doce, Categoria Referência SFCC, Mercearia, Polpas e Concentrados",
        "Data_Coleta": "2025-06-01 01:27:19"
    },
    {
        "ID_Produto": "972377",
        "Categoria_Scraping": "mercearia",
        "Nome": "Salsichas Frankfurt Lata",
        "Marca": "Pingo Doce",
        "Preco": 0.95,
        "Unidade_Info": "0.2 Kg | 4,75 €/Kg",
        "Categorias_GTM": "Mercearia, Salsichas, Conservas, As Nossas Marcas, Pingo Doce",
        "Data_Coleta": "2025-06-01 01:27:19"
    },
    {
        "ID_Produto": "322239",
        "Categoria_Scraping": "mercearia",
        "Nome": "Salsichas Hot Dog em Frasco",
        "Marca": "Pingo Doce",
        "Preco": 2.89,
        "Unidade_Info": "0.25 Kg | 11,56 €/Kg",
        "Categorias_GTM": "Conservas, Mercearia, Salsichas, As Nossas Marcas, Pingo Doce",
        "Data_Coleta": "2025-06-01 01:27:19"
    },
    {
        "ID_Produto": "762315",
        "Categoria_Scraping": "mercearia",
        "Nome": "Tomate em Pedaços",
        "Marca": "Pingo Doce",
        "Preco": 0.79,
        "Unidade_Info": "0.39 Kg | 2,03 €/Kg",
        "Categorias_GTM": "Categoria Referência SFCC, Mercearia, Polpas e Concentrados, Temperos, As Nossas Marcas",
        "Data_Coleta": "2025-06-01 01:27:19"
    },
    {
        "ID_Produto": "839396",
        "Categoria_Scraping": "mercearia",
        "Nome": "Açúcar Amarelo",
        "Marca": "Pingo Doce",
        "Preco": 1.59,
        "Unidade_Info": "1 Kg | 1,59 €/Kg",
        "Categorias_GTM": "As Nossas Marcas, Pingo Doce, Açúcar e Adoçante, Mercearia, Categoria Referência SFCC",
        "Data_Coleta": "2025-06-01 01:27:19"
    },
    {
        "ID_Produto": "949137",
        "Categoria_Scraping": "mercearia",
        "Nome": "Açúcar Branco 200 Sticks",
        "Marca": "Pingo Doce",
        "Preco": 2.29,
        "Unidade_Info": "0.8 Kg | 2,86 €/Kg",
        "Categorias_GTM": "Açúcar e Adoçante, Mercearia, As Nossas Marcas, Pingo Doce, Categoria Referência SFCC",
        "Data_Coleta": "2025-06-01 01:27:19"
    },
    {
        "ID_Produto": "957181",
        "Categoria_Scraping": "mercearia",
        "Nome": "Alho Moído em Frasco",
        "Marca": "Melissa",
        "Preco": 0.99,
        "Unidade_Info": "0.058 Kg | 17,07 €/Kg",
        "Categorias_GTM": "Categoria Referência SFCC, Especiarias e Ervas Aromáticas, Mercearia, Temperos",
        "Data_Coleta": "2025-06-01 01:27:19"
    },
    {
        "ID_Produto": "104671",
        "Categoria_Scraping": "mercearia",
        "Nome": "Arroz Agulha",
        "Marca": "Caçarola",
        "Preco": 1.35,
        "Unidade_Info": "1 Kg | 1,35 €/Kg",
        "Categorias_GTM": "Arroz, Arroz e Massa, Mercearia, Poupe Esta Semana, Promoções",
        "Data_Coleta": "2025-06-01 01:27:19"
    },
    {
        "ID_Produto": "443504",
        "Categoria_Scraping": "mercearia",
        "Nome": "Arroz Agulha",
        "Marca": "Bom Sucesso",
        "Preco": 1.59,
        "Unidade_Info": "1 Kg | 1,59 €/Kg",
        "Categorias_GTM": "Categoria Referência SFCC, Arroz, Arroz e Massa, Mercearia",
        "Data_Coleta": "2025-06-01 01:27:19"
    },
    {
        "ID_Produto": "719536",
        "Categoria_Scraping": "mercearia",
        "Nome": "Arroz Agulha Uruguai",
        "Marca": "Pingo Doce",
        "Preco": 1.45,
        "Unidade_Info": "1 Kg | 1,45 €/Kg",
        "Categorias_GTM": "Categoria Referência SFCC, Arroz, Arroz e Massa, Mercearia, As Nossas Marcas",
        "Data_Coleta": "2025-06-01 01:27:19"
    },
    {
        "ID_Produto": "918013",
        "Categoria_Scraping": "mercearia",
        "Nome": "Arroz Basmati",
        "Marca": "Oriente",
        "Preco": 2.34,
        "Unidade_Info": "1 Kg | 2,34 €/Kg",
        "Categorias_GTM": "Categoria Referência SFCC, Arroz, Arroz e Massa, Mercearia, Poupe Esta Semana",
        "Data_Coleta": "2025-06-01 01:27:19"
    },
    {
        "ID_Produto": "804038",
        "Categoria_Scraping": "mercearia",
        "Nome": "Arroz Basmati Brajma",
        "Marca": "Cigala",
        "Preco": 2.98,
        "Unidade_Info": "1 Kg | 2,98 €/Kg",
        "Categorias_GTM": "Categoria Referência SFCC, Arroz, Arroz e Massa, Mercearia",
        "Data_Coleta": "2025-06-01 01:27:25"
    },
    {
        "ID_Produto": "918813",
        "Categoria_Scraping": "mercearia",
        "Nome": "Arroz Carolino",
        "Marca": "Pingo Doce",
        "Preco": 1.25,
        "Unidade_Info": "1 Kg | 1,25 €/Kg",
        "Categorias_GTM": "Arroz, Arroz e Massa, Mercearia, As Nossas Marcas, Pingo Doce",
        "Data_Coleta": "2025-06-01 01:27:25"
    },
    {
        "ID_Produto": "739490",
        "Categoria_Scraping": "mercearia",
        "Nome": "Arroz Carolino",
        "Marca": "Cigala",
        "Preco": 1.54,
        "Unidade_Info": "1 Kg | 1,54 €/Kg",
        "Categorias_GTM": "Categoria Referência SFCC, Arroz, Arroz e Massa, Mercearia",
        "Data_Coleta": "2025-06-01 01:27:25"
    },
    {
        "ID_Produto": "443505",
        "Categoria_Scraping": "mercearia",
        "Nome": "Arroz Carolino",
        "Marca": "Bom Sucesso",
        "Preco": 1.24,
        "Unidade_Info": "1 Kg | 1,24 €/Kg",
        "Categorias_GTM": "Arroz, Arroz e Massa, Mercearia, Categoria Referência SFCC, Poupe Este Fim De Semana",
        "Data_Coleta": "2025-06-01 01:27:25"
    },
    {
        "ID_Produto": "622555",
        "Categoria_Scraping": "mercearia",
        "Nome": "Arroz Thai Jasmine",
        "Marca": "Pingo Doce",
        "Preco": 1.99,
        "Unidade_Info": "1 Kg | 1,99 €/Kg",
        "Categorias_GTM": "Categoria Referência SFCC, Arroz, Arroz e Massa, Mercearia, As Nossas Marcas",
        "Data_Coleta": "2025-06-01 01:27:25"
    },
    {
        "ID_Produto": "914810",
        "Categoria_Scraping": "mercearia",
        "Nome": "Atum em Azeite",
        "Marca": "Ramirez",
        "Preco": 1.49,
        "Unidade_Info": "0.086 Kg | 17,33 €/Kg",
        "Categorias_GTM": "Atum, Conservas, Mercearia, Poupe Esta Semana, Promoções",
        "Data_Coleta": "2025-06-01 01:27:25"
    },
    {
        "ID_Produto": "760743",
        "Categoria_Scraping": "mercearia",
        "Nome": "Atum em Óleo",
        "Marca": "Costatum",
        "Preco": 2.59,
        "Unidade_Info": "0.251 Kg | 10,32 €/Kg",
        "Categorias_GTM": "Atum, Conservas, Mercearia, Categoria Referência SFCC",
        "Data_Coleta": "2025-06-01 01:27:25"
    },
    {
        "ID_Produto": "700040",
        "Categoria_Scraping": "mercearia",
        "Nome": "Atum Posta ao Natural",
        "Marca": "Bom Petisco",
        "Preco": 2.04,
        "Unidade_Info": "0.084 Kg | 24,29 €/Kg",
        "Categorias_GTM": "Categoria Referência SFCC, Atum, Conservas, Mercearia",
        "Data_Coleta": "2025-06-01 01:27:25"
    },
    {
        "ID_Produto": "935217",
        "Categoria_Scraping": "mercearia",
        "Nome": "Atum Posta em Azeite",
        "Marca": "Pingo Doce",
        "Preco": 3.29,
        "Unidade_Info": "0.25 Kg | 13,16 €/Kg",
        "Categorias_GTM": "As Nossas Marcas, Pingo Doce, Categoria Referência SFCC, Atum, Conservas",
        "Data_Coleta": "2025-06-01 01:27:25"
    },
    {
        "ID_Produto": "844533",
        "Categoria_Scraping": "mercearia",
        "Nome": "Atum Posta Natural",
        "Marca": "Costatum",
        "Preco": 2.47,
        "Unidade_Info": "0.27 Kg | 9,15 €/Kg",
        "Categorias_GTM": "Categoria Referência SFCC, Atum, Conservas, Mercearia",
        "Data_Coleta": "2025-06-01 01:27:25"
    },
    {
        "ID_Produto": "697573",
        "Categoria_Scraping": "mercearia",
        "Nome": "Azeite Pet",
        "Marca": "Oliveira da Serra",
        "Preco": 4.49,
        "Unidade_Info": "0.75 L | 5,99 €/L",
        "Categorias_GTM": "Categoria Referência SFCC, Azeite, Azeite, Óleo e Vinagre, Mercearia",
        "Data_Coleta": "2025-06-01 01:27:25"
    },
    {
        "ID_Produto": "755916",
        "Categoria_Scraping": "mercearia",
        "Nome": "Azeite Virgem Delicado",
        "Marca": "Gallo",
        "Preco": 5.49,
        "Unidade_Info": "0.75 L | 7,32 €/L",
        "Categorias_GTM": "Azeite, Azeite, Óleo e Vinagre, Mercearia, Categoria Referência SFCC",
        "Data_Coleta": "2025-06-01 01:27:25"
    },
    {
        "ID_Produto": "762041",
        "Categoria_Scraping": "mercearia",
        "Nome": "Azeite Virgem Extra Aveludado",
        "Marca": "Gallo",
        "Preco": 5.99,
        "Unidade_Info": "0.75 L | 7,99 €/L",
        "Categorias_GTM": "Categoria Referência SFCC, Azeite, Azeite, Óleo e Vinagre, Mercearia",
        "Data_Coleta": "2025-06-01 01:27:31"
    },
    {
        "ID_Produto": "268224",
        "Categoria_Scraping": "mercearia",
        "Nome": "Azeite Virgem Extra Clássico",
        "Marca": "Oliveira da Serra",
        "Preco": 5.79,
        "Unidade_Info": "0.75 L | 7,72 €/L",
        "Categorias_GTM": "Azeite, Azeite, Óleo e Vinagre, Mercearia, Categoria Referência SFCC",
        "Data_Coleta": "2025-06-01 01:27:31"
    },
    {
        "ID_Produto": "52579",
        "Categoria_Scraping": "mercearia",
        "Nome": "Azeite Virgem Extra Clássico",
        "Marca": "Gallo",
        "Preco": 6.49,
        "Unidade_Info": "0.75 L | 8,65 €/L",
        "Categorias_GTM": "Categoria Referência SFCC, Azeite, Azeite, Óleo e Vinagre, Mercearia",
        "Data_Coleta": "2025-06-01 01:27:31"
    },
    {
        "ID_Produto": "722041",
        "Categoria_Scraping": "mercearia",
        "Nome": "Azeite Virgem Extra Edição Especial",
        "Marca": "Oliveira da Serra",
        "Preco": 5.79,
        "Unidade_Info": "0.75 L | 7,72 €/L",
        "Categorias_GTM": "Categoria Referência SFCC, Azeite, Azeite, Óleo e Vinagre, Mercearia",
        "Data_Coleta": "2025-06-01 01:27:31"
    },
    {
        "ID_Produto": "906653",
        "Categoria_Scraping": "mercearia",
        "Nome": "Azeite Virgem Extra Especial",
        "Marca": "Oliveira da Serra",
        "Preco": 5.49,
        "Unidade_Info": "0.75 L | 7,32 €/L",
        "Categorias_GTM": "Azeite, Azeite, Óleo e Vinagre, Mercearia, Categoria Referência SFCC",
        "Data_Coleta": "2025-06-01 01:27:31"
    },
    {
        "ID_Produto": "369448",
        "Categoria_Scraping": "mercearia",
        "Nome": "Azeite Virgem Extra Reserva",
        "Marca": "Gallo",
        "Preco": 6.99,
        "Unidade_Info": "0.75 L | 9,32 €/L",
        "Categorias_GTM": "Azeite, Azeite, Óleo e Vinagre, Mercearia, Categoria Referência SFCC",
        "Data_Coleta": "2025-06-01 01:27:31"
    },
    {
        "ID_Produto": "701543",
        "Categoria_Scraping": "mercearia",
        "Nome": "Azeitonas Pretas Descaroçadas",
        "Marca": "Pingo Doce",
        "Preco": 1.29,
        "Unidade_Info": "0.165 Kg | 7,82 €/Kg",
        "Categorias_GTM": "As Nossas Marcas, Pingo Doce, Categoria Referência SFCC, Azeitonas, Pickles e Tremoços, Conservas",
        "Data_Coleta": "2025-06-01 01:27:31"
    },
    {
        "ID_Produto": "937368",
        "Categoria_Scraping": "mercearia",
        "Nome": "Bagels Clássicos",
        "Marca": "Bimbo",
        "Preco": 2.34,
        "Unidade_Info": "0.3 Kg | 7,8 €/Kg",
        "Categorias_GTM": "Mercearia, Pão e Bolos Embalados, Promoções, Categoria Referência SFCC, Poupe Esta Semana",
        "Data_Coleta": "2025-06-01 01:27:31"
    },
    {
        "ID_Produto": "933538",
        "Categoria_Scraping": "mercearia",
        "Nome": "Barras de Cereais Amendoins, Amêndoas, Chocolate e Pistáchio",
        "Marca": "Pingo Doce",
        "Preco": 1.79,
        "Unidade_Info": "0.105 Kg | 17,05 €/Kg",
        "Categorias_GTM": "Barras de Cereais e Snacks, Cereais e Barras, Mercearia, As Nossas Marcas, Pingo Doce",
        "Data_Coleta": "2025-06-01 01:27:31"
    },
    {
        "ID_Produto": "933530",
        "Categoria_Scraping": "mercearia",
        "Nome": "Barras de Cereais Amendoins, Amêndoas e Avelãs",
        "Marca": "Pingo Doce",
        "Preco": 1.79,
        "Unidade_Info": "0.105 Kg | 17,05 €/Kg",
        "Categorias_GTM": "Barras de Cereais e Snacks, Cereais e Barras, Mercearia, As Nossas Marcas, Pingo Doce",
        "Data_Coleta": "2025-06-01 01:27:31"
    },
    {
        "ID_Produto": "470837",
        "Categoria_Scraping": "mercearia",
        "Nome": "Barras de Cereais com Chocolate",
        "Marca": "Fitness",
        "Preco": 2.39,
        "Unidade_Info": "0.141 Kg | 16,95 €/Kg",
        "Categorias_GTM": "Categoria Referência SFCC, Barras de Cereais e Snacks, Cereais e Barras, Mercearia, Poupe Este Fim De Semana",
        "Data_Coleta": "2025-06-01 01:27:31"
    },
    {
        "ID_Produto": "975696",
        "Categoria_Scraping": "mercearia",
        "Nome": "Barras de Cereais Linha Chocolate",
        "Marca": "Pingo Doce",
        "Preco": 1.49,
        "Unidade_Info": "0.138 Kg | 10,8 €/Kg",
        "Categorias_GTM": "Barras de Cereais e Snacks, Cereais e Barras, Mercearia, As Nossas Marcas, Pingo Doce",
        "Data_Coleta": "2025-06-01 01:27:31"
    },
    {
        "ID_Produto": "974316",
        "Categoria_Scraping": "mercearia",
        "Nome": "Batatas Fritas Gourmet Lisa Corte Fino",
        "Marca": "Lay's",
        "Preco": 2.69,
        "Unidade_Info": "0.17 Kg | 15,82 €/Kg",
        "Categorias_GTM": "N/A",
        "Data_Coleta": "2025-06-01 01:27:37"
    },
    {
        "ID_Produto": "974315",
        "Categoria_Scraping": "mercearia",
        "Nome": "Batatas Fritas Gourmet Original",
        "Marca": "Lay's",
        "Preco": 1.59,
        "Unidade_Info": "0.17 Kg | 9,35 €/Kg",
        "Categorias_GTM": "N/A",
        "Data_Coleta": "2025-06-01 01:27:37"
    },
    {
        "ID_Produto": "664612",
        "Categoria_Scraping": "mercearia",
        "Nome": "Batatas Fritas Lisa Azeite",
        "Marca": "Pingo Doce",
        "Preco": 1.45,
        "Unidade_Info": "0.15 Kg | 9,67 €/Kg",
        "Categorias_GTM": "As Nossas Marcas, Pingo Doce, Categoria Referência SFCC, Sabores, Batatas Fritas",
        "Data_Coleta": "2025-06-01 01:27:37"
    },
    {
        "ID_Produto": "803884",
        "Categoria_Scraping": "mercearia",
        "Nome": "Batatas Fritas Lisa Camponesa",
        "Marca": "Pingo Doce",
        "Preco": 1.15,
        "Unidade_Info": "0.17 Kg | 6,76 €/Kg",
        "Categorias_GTM": "As Nossas Marcas, Pingo Doce, Categoria Referência SFCC, Sabores, Batatas Fritas",
        "Data_Coleta": "2025-06-01 01:27:37"
    },
    {
        "ID_Produto": "922955",
        "Categoria_Scraping": "mercearia",
        "Nome": "Batatas Fritas Lisa Gourmet",
        "Marca": "Pingo Doce",
        "Preco": 1.39,
        "Unidade_Info": "0.17 Kg | 8,18 €/Kg",
        "Categorias_GTM": "As Nossas Marcas, Pingo Doce, Categoria Referência SFCC, Batatas Fritas, Mercearia",
        "Data_Coleta": "2025-06-01 01:27:37"
    },
    {
        "ID_Produto": "493313",
        "Categoria_Scraping": "mercearia",
        "Nome": "Batatas Fritas Lisa Light",
        "Marca": "Pingo Doce",
        "Preco": 1.19,
        "Unidade_Info": "0.15 Kg | 7,93 €/Kg",
        "Categorias_GTM": "Categoria Referência SFCC, Batatas Fritas, Mercearia, Originais e Light, As Nossas Marcas",
        "Data_Coleta": "2025-06-01 01:27:37"
    },
    {
        "ID_Produto": "924066",
        "Categoria_Scraping": "mercearia",
        "Nome": "Batatas Fritas Ondulada Original",
        "Marca": "Ruffles",
        "Preco": 1.59,
        "Unidade_Info": "0.16 Kg | 9,94 €/Kg",
        "Categorias_GTM": "Categoria Referência SFCC, Batatas Fritas, Mercearia, Originais e Light",
        "Data_Coleta": "2025-06-01 01:27:37"
    },
    {
        "ID_Produto": "493312",
        "Categoria_Scraping": "mercearia",
        "Nome": "Batatas Fritas Ondulada Original",
        "Marca": "Pingo Doce",
        "Preco": 1.29,
        "Unidade_Info": "0.2 Kg | 6,45 €/Kg",
        "Categorias_GTM": "Categoria Referência SFCC, Batatas Fritas, Mercearia, Originais e Light, As Nossas Marcas",
        "Data_Coleta": "2025-06-01 01:27:37"
    },
    {
        "ID_Produto": "858563",
        "Categoria_Scraping": "mercearia",
        "Nome": "Batatas Fritas Palha Finíssima",
        "Marca": "Pingo Doce",
        "Preco": 1.59,
        "Unidade_Info": "0.18 Kg | 8,83 €/Kg",
        "Categorias_GTM": "Batatas Fritas, Mercearia, Originais e Light, As Nossas Marcas, Pingo Doce",
        "Data_Coleta": "2025-06-01 01:27:37"
    },
    {
        "ID_Produto": "833698",
        "Categoria_Scraping": "mercearia",
        "Nome": "Bolachas Belgas",
        "Marca": "Saborosa",
        "Preco": 1.59,
        "Unidade_Info": "0.22 Kg | 7,23 €/Kg",
        "Categorias_GTM": "Categoria Referência SFCC, Bolachas, Maria, Manteiga e Clássicas, Mercearia, Poupe Esta Semana",
        "Data_Coleta": "2025-06-01 01:27:37"
    },
    {
        "ID_Produto": "962134",
        "Categoria_Scraping": "mercearia",
        "Nome": "Bolachas com Cobertura de Chocolate Branco",
        "Marca": "Pingo Doce",
        "Preco": 1.09,
        "Unidade_Info": "0.128 Kg | 8,52 €/Kg",
        "Categorias_GTM": "As Nossas Marcas, Pingo Doce, Bolachas, Mercearia, Pepitas, Cobertas e Recheadas",
        "Data_Coleta": "2025-06-01 01:27:37"
    },
    {
        "ID_Produto": "533450",
        "Categoria_Scraping": "mercearia",
        "Nome": "Bolachas com Recheio de Cacau",
        "Marca": "Pingo Doce",
        "Preco": 1.59,
        "Unidade_Info": "0.5 Kg | 3,18 €/Kg",
        "Categorias_GTM": "Categoria Referência SFCC, Bolachas, Mercearia, Pepitas, Cobertas e Recheadas, As Nossas Marcas",
        "Data_Coleta": "2025-06-01 01:27:37"
    },
    {
        "ID_Produto": "852769",
        "Categoria_Scraping": "mercearia",
        "Nome": "Bolachas Cookies & Cream",
        "Marca": "Pingo Doce",
        "Preco": 0.99,
        "Unidade_Info": "0.22 Kg | 4,5 €/Kg",
        "Categorias_GTM": "Bolachas, Mercearia, Pepitas, Cobertas e Recheadas, As Nossas Marcas, Pingo Doce",
        "Data_Coleta": "2025-06-01 01:27:43"
    },
    {
        "ID_Produto": "662745",
        "Categoria_Scraping": "mercearia",
        "Nome": "Bolachas Cookies Tradicionais com Pepitas de Chocolate",
        "Marca": "Pingo Doce",
        "Preco": 1.19,
        "Unidade_Info": "0.15 Kg | 7,93 €/Kg",
        "Categorias_GTM": "Categoria Referência SFCC, As Nossas Marcas, Pingo Doce, Bolachas, Mercearia",
        "Data_Coleta": "2025-06-01 01:27:43"
    },
    {
        "ID_Produto": "920572",
        "Categoria_Scraping": "mercearia",
        "Nome": "Bolachas Cracker com Sal na Superfície",
        "Marca": "Gran Pavesi",
        "Preco": 2.99,
        "Unidade_Info": "0.56 Kg | 5,34 €/Kg",
        "Categorias_GTM": "Categoria Referência SFCC, Bolachas, Mercearia, Salgadas, Poupe Este Fim De Semana",
        "Data_Coleta": "2025-06-01 01:27:43"
    },
    {
        "ID_Produto": "692921",
        "Categoria_Scraping": "mercearia",
        "Nome": "Bolachas Crackers com Sal",
        "Marca": "Pingo Doce",
        "Preco": 1.69,
        "Unidade_Info": "0.5 Kg | 3,38 €/Kg",
        "Categorias_GTM": "As Nossas Marcas, Pingo Doce, Categoria Referência SFCC, Bolachas, Mercearia",
        "Data_Coleta": "2025-06-01 01:27:43"
    },
    {
        "ID_Produto": "729230",
        "Categoria_Scraping": "mercearia",
        "Nome": "Bolachas de Chocolate com Recheio de Creme",
        "Marca": "Oreo",
        "Preco": 2.99,
        "Unidade_Info": "0.44 Kg | 6,8 €/Kg",
        "Categorias_GTM": "Categoria Referência SFCC, Bolachas, Mercearia, Pepitas, Cobertas e Recheadas, Poupe Este Fim De Semana",
        "Data_Coleta": "2025-06-01 01:27:43"
    },
    {
        "ID_Produto": "670293",
        "Categoria_Scraping": "mercearia",
        "Nome": "Bolachas de Manteiga Belgas",
        "Marca": "Pingo Doce",
        "Preco": 1.99,
        "Unidade_Info": "0.25 Kg | 7,96 €/Kg",
        "Categorias_GTM": "As Nossas Marcas, Pingo Doce, Categoria Referência SFCC, Bolachas, Maria, Manteiga e Clássicas",
        "Data_Coleta": "2025-06-01 01:27:43"
    },
    {
        "ID_Produto": "819904",
        "Categoria_Scraping": "mercearia",
        "Nome": "Bolachas Maria Douradas",
        "Marca": "Pingo Doce",
        "Preco": 1.69,
        "Unidade_Info": "0.8 Kg | 2,11 €/Kg",
        "Categorias_GTM": "Categoria Referência SFCC, Bolachas, Maria, Manteiga e Clássicas, Mercearia, As Nossas Marcas",
        "Data_Coleta": "2025-06-01 01:27:43"
    },
    {
        "ID_Produto": "813484",
        "Categoria_Scraping": "mercearia",
        "Nome": "Bolachas Maria Unidoses",
        "Marca": "Pingo Doce",
        "Preco": 1.49,
        "Unidade_Info": "0.3 Kg | 4,97 €/Kg",
        "Categorias_GTM": "As Nossas Marcas, Pingo Doce, Categoria Referência SFCC, Mercearia, Bolachas",
        "Data_Coleta": "2025-06-01 01:27:43"
    },
    {
        "ID_Produto": "971702",
        "Categoria_Scraping": "mercearia",
        "Nome": "Bolachas Marinheiras com Chia",
        "Marca": "Pingo Doce",
        "Preco": 1.69,
        "Unidade_Info": "0.18 Kg | 9,39 €/Kg",
        "Categorias_GTM": "As Nossas Marcas, Pingo Doce, Bolachas, Integrais e Fibra, Mercearia",
        "Data_Coleta": "2025-06-01 01:27:43"
    },
    {
        "ID_Produto": "852648",
        "Categoria_Scraping": "mercearia",
        "Nome": "Bolachas Matinais de Chocolate",
        "Marca": "Pingo Doce",
        "Preco": 1.99,
        "Unidade_Info": "0.3 Kg | 6,63 €/Kg",
        "Categorias_GTM": "Bolachas, Integrais e Fibra, Mercearia, As Nossas Marcas, Pingo Doce",
        "Data_Coleta": "2025-06-01 01:27:43"
    },
    {
        "ID_Produto": "270997",
        "Categoria_Scraping": "mercearia",
        "Nome": "Bolachas Mini com Pepitas de Chocolate",
        "Marca": "Chips Ahoy",
        "Preco": 2.49,
        "Unidade_Info": "0.16 Kg | 15,56 €/Kg",
        "Categorias_GTM": "Bolachas, Infantis, Mercearia, Categoria Referência SFCC",
        "Data_Coleta": "2025-06-01 01:27:43"
    },
    {
        "ID_Produto": "918052",
        "Categoria_Scraping": "mercearia",
        "Nome": "Bolachas Mini com Recheio de Cacau",
        "Marca": "Pingo Doce",
        "Preco": 1.19,
        "Unidade_Info": "0.21 Kg | 5,67 €/Kg",
        "Categorias_GTM": "As Nossas Marcas, Pingo Doce, Categoria Referência SFCC, Bolachas, Infantis",
        "Data_Coleta": "2025-06-01 01:27:43"
    },
    {
        "ID_Produto": "533452",
        "Categoria_Scraping": "mercearia",
        "Nome": "Bolachas Petit Biscuit Chocolate de Leite",
        "Marca": "Pingo Doce",
        "Preco": 1.99,
        "Unidade_Info": "0.15 Kg | 13,27 €/Kg",
        "Categorias_GTM": "As Nossas Marcas, Pingo Doce, Categoria Referência SFCC, Bolachas, Mercearia",
        "Data_Coleta": "2025-06-01 01:27:50"
    },
    {
        "ID_Produto": "673348",
        "Categoria_Scraping": "mercearia",
        "Nome": "Bolachas Tostadas",
        "Marca": "Pingo Doce",
        "Preco": 1.69,
        "Unidade_Info": "0.8 Kg | 2,11 €/Kg",
        "Categorias_GTM": "As Nossas Marcas, Pingo Doce, Categoria Referência SFCC, Bolachas, Maria, Manteiga e Clássicas",
        "Data_Coleta": "2025-06-01 01:27:50"
    },
    {
        "ID_Produto": "756063",
        "Categoria_Scraping": "mercearia",
        "Nome": "Bolitos com Pepitas Chocolate de Leite",
        "Marca": "Pingo Doce",
        "Preco": 2.19,
        "Unidade_Info": "8 Un | 0,27 €/Un",
        "Categorias_GTM": "Bolos e Tortas, Mercearia, Pão e Bolos Embalados, Categoria Referência SFCC, As Nossas Marcas",
        "Data_Coleta": "2025-06-01 01:27:50"
    },
    {
        "ID_Produto": "671849",
        "Categoria_Scraping": "mercearia",
        "Nome": "Bolo Glacé",
        "Marca": "Donuts",
        "Preco": 2.99,
        "Unidade_Info": "0.2 Kg | 14,95 €/Kg",
        "Categorias_GTM": "Categoria Referência SFCC, Bolos e Tortas, Mercearia, Pão e Bolos Embalados",
        "Data_Coleta": "2025-06-01 01:27:50"
    },
    {
        "ID_Produto": "700832",
        "Categoria_Scraping": "mercearia",
        "Nome": "Bolo Planetus",
        "Marca": "Manhãzitos",
        "Preco": 2.99,
        "Unidade_Info": "0.315 Kg | 9,49 €/Kg",
        "Categorias_GTM": "Categoria Referência SFCC, Bolos e Tortas, Mercearia, Pão e Bolos Embalados, Poupe Este Fim De Semana",
        "Data_Coleta": "2025-06-01 01:27:50"
    },
    {
        "ID_Produto": "773673",
        "Categoria_Scraping": "mercearia",
        "Nome": "Bolo Planetus com -50% Açúcares",
        "Marca": "Manhãzitos",
        "Preco": 2.44,
        "Unidade_Info": "0.21 Kg | 11,62 €/Kg",
        "Categorias_GTM": "Bolos e Tortas, Mercearia, Pão e Bolos Embalados, Categoria Referência SFCC, Poupe Esta Semana",
        "Data_Coleta": "2025-06-01 01:27:50"
    },
    {
        "ID_Produto": "14663",
        "Categoria_Scraping": "mercearia",
        "Nome": "Bolo Snack com Recheio de Chocolate",
        "Marca": "Bollycao",
        "Preco": 2.29,
        "Unidade_Info": "0.228 Kg | 10,04 €/Kg",
        "Categorias_GTM": "Bolos e Tortas, Mercearia, Pão e Bolos Embalados, Categoria Referência SFCC, Poupe Esta Semana",
        "Data_Coleta": "2025-06-01 01:27:50"
    },
    {
        "ID_Produto": "891245",
        "Categoria_Scraping": "mercearia",
        "Nome": "Bolsa de Frutos Vermelhos",
        "Marca": "Pingo Doce",
        "Preco": 0.99,
        "Unidade_Info": "0.12 Kg | 8,25 €/Kg",
        "Categorias_GTM": "Aperitivos e Snacks, Bolsas de Fruta, Mercearia, As Nossas Marcas, Pingo Doce",
        "Data_Coleta": "2025-06-01 01:27:50"
    },
    {
        "ID_Produto": "832619",
        "Categoria_Scraping": "mercearia",
        "Nome": "Café em Grão Gold",
        "Marca": "Supreme",
        "Preco": 13.99,
        "Unidade_Info": "1 Kg | 13,99 €/Kg",
        "Categorias_GTM": "Café, Chá e Bebidas Quentes, Café Moído e Grão, Mercearia, Categoria Referência SFCC",
        "Data_Coleta": "2025-06-01 01:27:50"
    },
    {
        "ID_Produto": "605418",
        "Categoria_Scraping": "mercearia",
        "Nome": "Café em Grão Torrado Lote Chávena",
        "Marca": "Delta",
        "Preco": 19.99,
        "Unidade_Info": "1 Kg | 19,99 €/Kg",
        "Categorias_GTM": "Categoria Referência SFCC, Café, Chá e Bebidas Quentes, Café Moído e Grão, Mercearia",
        "Data_Coleta": "2025-06-01 01:27:50"
    },
    {
        "ID_Produto": "961052",
        "Categoria_Scraping": "mercearia",
        "Nome": "Café Moído Moagem Universal Envolvente",
        "Marca": "Pingo Doce",
        "Preco": 2.99,
        "Unidade_Info": "0.25 Kg | 11,96 €/Kg",
        "Categorias_GTM": "As Nossas Marcas, Pingo Doce, Café, Chá e Bebidas Quentes, Café Moído e Grão, Mercearia",
        "Data_Coleta": "2025-06-01 01:27:50"
    },
    {
        "ID_Produto": "939428",
        "Categoria_Scraping": "mercearia",
        "Nome": "Café Moído Moagem Universal Intenso",
        "Marca": "Pingo Doce",
        "Preco": 2.99,
        "Unidade_Info": "0.25 Kg | 11,96 €/Kg",
        "Categorias_GTM": "Café, Chá e Bebidas Quentes, Café Moído e Grão, Mercearia, As Nossas Marcas, Pingo Doce",
        "Data_Coleta": "2025-06-01 01:27:50"
    },
    {
        "ID_Produto": "747197",
        "Categoria_Scraping": "mercearia",
        "Nome": "Café Moído Torrado Lote Chávena",
        "Marca": "Delta",
        "Preco": 4.99,
        "Unidade_Info": "0.25 Kg | 19,96 €/Kg",
        "Categorias_GTM": "Café, Chá e Bebidas Quentes, Café Moído e Grão, Mercearia, Categoria Referência SFCC",
        "Data_Coleta": "2025-06-01 01:27:56"
    },
    {
        "ID_Produto": "755141",
        "Categoria_Scraping": "mercearia",
        "Nome": "Café Solúvel Clássico",
        "Marca": "Delta",
        "Preco": 9.99,
        "Unidade_Info": "0.2 Kg | 49,95 €/Kg",
        "Categorias_GTM": "Categoria Referência SFCC, Café, Chá e Bebidas Quentes, Café Solúvel e Descafeinado, Mercearia",
        "Data_Coleta": "2025-06-01 01:27:56"
    },
    {
        "ID_Produto": "104362",
        "Categoria_Scraping": "mercearia",
        "Nome": "Café Torrado em Grão Lote Superior",
        "Marca": "Delta",
        "Preco": 23.99,
        "Unidade_Info": "1 Kg | 23,99 €/Kg",
        "Categorias_GTM": "Café Moído e Grão, Café, Chá e Bebidas Quentes, Mercearia, Categoria Referência SFCC",
        "Data_Coleta": "2025-06-01 01:27:56"
    },
    {
        "ID_Produto": "968542",
        "Categoria_Scraping": "mercearia",
        "Nome": "Caju Natural",
        "Marca": "Pingo Doce",
        "Preco": 2.79,
        "Unidade_Info": "0.2 Kg | 13,95 €/Kg",
        "Categorias_GTM": "Frutos Secos e Desidratados, Mercearia, Aperitivos e Snacks, As Nossas Marcas, Pingo Doce",
        "Data_Coleta": "2025-06-01 01:27:56"
    },
    {
        "ID_Produto": "933340",
        "Categoria_Scraping": "mercearia",
        "Nome": "Caju Torrado sem Sal",
        "Marca": "Frutorra",
        "Preco": 2.99,
        "Unidade_Info": "0.15 Kg | 19,93 €/Kg",
        "Categorias_GTM": "Categoria Referência SFCC, Aperitivos e Snacks, Frutos Secos e Desidratados, Mercearia",
        "Data_Coleta": "2025-06-01 01:27:56"
    },
    {
        "ID_Produto": "821311",
        "Categoria_Scraping": "mercearia",
        "Nome": "Cápsulas de Café Buondi",
        "Marca": "Nescafé Dolce Gusto",
        "Preco": 5.39,
        "Unidade_Info": "16 Un | 0,34 €/Un",
        "Categorias_GTM": "Café, Chá e Bebidas Quentes, Cápsulas de Café, Mercearia, Categoria Referência SFCC, Poupe Esta Semana",
        "Data_Coleta": "2025-06-01 01:27:56"
    },
    {
        "ID_Produto": "743800",
        "Categoria_Scraping": "mercearia",
        "Nome": "Cápsulas de Café Buondi",
        "Marca": "Nescafé Dolce Gusto",
        "Preco": 9.49,
        "Unidade_Info": "30 Un | 0,32 €/Un",
        "Categorias_GTM": "Categoria Referência SFCC, Café, Chá e Bebidas Quentes, Mercearia, Cápsulas de Café",
        "Data_Coleta": "2025-06-01 01:27:56"
    },
    {
        "ID_Produto": "625872",
        "Categoria_Scraping": "mercearia",
        "Nome": "Cápsulas de Café Deqafeinatus",
        "Marca": "Delta Q",
        "Preco": 4.99,
        "Unidade_Info": "10 Un | 0,5 €/Un",
        "Categorias_GTM": "Categoria Referência SFCC, Café, Chá e Bebidas Quentes, Cápsulas de Café, Mercearia",
        "Data_Coleta": "2025-06-01 01:27:56"
    },
    {
        "ID_Produto": "659066",
        "Categoria_Scraping": "mercearia",
        "Nome": "Cápsulas de Café Descafeinado",
        "Marca": "Pingo Doce",
        "Preco": 4.69,
        "Unidade_Info": "16 Un | 0,29 €/Un",
        "Categorias_GTM": "Categoria Referência SFCC, As Nossas Marcas, Pingo Doce, Café, Chá e Bebidas Quentes, Cápsulas de Café",
        "Data_Coleta": "2025-06-01 01:27:56"
    },
    {
        "ID_Produto": "961255",
        "Categoria_Scraping": "mercearia",
        "Nome": "Cápsulas de Café Descafeinado Sical",
        "Marca": "Nescafé Dolce Gusto",
        "Preco": 5.39,
        "Unidade_Info": "16 Un | 0,34 €/Un",
        "Categorias_GTM": "Café, Chá e Bebidas Quentes, Cápsulas de Café, Mercearia, Categoria Referência SFCC, Poupe Este Fim De Semana",
        "Data_Coleta": "2025-06-01 01:27:56"
    },
    {
        "ID_Produto": "951854",
        "Categoria_Scraping": "mercearia",
        "Nome": "Cápsulas de Café Dolce Gusto Intenso",
        "Marca": "Buondi",
        "Preco": 19.49,
        "Unidade_Info": "64 Un | 0,3 €/Un",
        "Categorias_GTM": "Café, Chá e Bebidas Quentes, Cápsulas de Café, Mercearia, Categoria Referência SFCC",
        "Data_Coleta": "2025-06-01 01:27:56"
    },
    {
        "ID_Produto": "959275",
        "Categoria_Scraping": "mercearia",
        "Nome": "Cápsulas de Café EpiQ",
        "Marca": "Delta Q",
        "Preco": 27.99,
        "Unidade_Info": "80 Un | 0,35 €/Un",
        "Categorias_GTM": "Café, Chá e Bebidas Quentes, Cápsulas de Café, Mercearia, Categoria Referência SFCC",
        "Data_Coleta": "2025-06-01 01:27:56"
    },
    {
        "ID_Produto": "920009",
        "Categoria_Scraping": "mercearia",
        "Nome": "Cápsulas de Café Nespresso Aromático Nespresso",
        "Marca": "Chave D'Ouro",
        "Preco": 5.59,
        "Unidade_Info": "30 Un | 0,19 €/Un",
        "Categorias_GTM": "N/A",
        "Data_Coleta": "2025-06-01 01:28:03"
    },
    {
        "ID_Produto": "944333",
        "Categoria_Scraping": "mercearia",
        "Nome": "Cápsulas de Café Nespresso Descafeinado",
        "Marca": "Buondi",
        "Preco": 3.29,
        "Unidade_Info": "10 Un | 0,33 €/Un",
        "Categorias_GTM": "Categoria Referência SFCC, Café, Chá e Bebidas Quentes, Cápsulas de Café, Mercearia, Poupe Esta Semana",
        "Data_Coleta": "2025-06-01 01:28:03"
    },
    {
        "ID_Produto": "901451",
        "Categoria_Scraping": "mercearia",
        "Nome": "Cápsulas de Café Nespresso Encorpado",
        "Marca": "Buondi",
        "Preco": 3.29,
        "Unidade_Info": "10 Un | 0,33 €/Un",
        "Categorias_GTM": "Categoria Referência SFCC, Café, Chá e Bebidas Quentes, Cápsulas de Café, Mercearia, Poupe Este Fim De Semana",
        "Data_Coleta": "2025-06-01 01:28:03"
    },
    {
        "ID_Produto": "978775",
        "Categoria_Scraping": "mercearia",
        "Nome": "Cápsulas de Café Nespresso Forte",
        "Marca": "L'Animo",
        "Preco": 9.59,
        "Unidade_Info": "50 Un | 0,19 €/Un",
        "Categorias_GTM": "N/A",
        "Data_Coleta": "2025-06-01 01:28:03"
    },
    {
        "ID_Produto": "901449",
        "Categoria_Scraping": "mercearia",
        "Nome": "Cápsulas de Café Nespresso Original",
        "Marca": "Buondi",
        "Preco": 3.29,
        "Unidade_Info": "10 Un | 0,33 €/Un",
        "Categorias_GTM": "Promoções, Poupe Esta Semana, Categoria Referência SFCC, Café, Chá e Bebidas Quentes, Cápsulas de Café",
        "Data_Coleta": "2025-06-01 01:28:03"
    },
    {
        "ID_Produto": "926585",
        "Categoria_Scraping": "mercearia",
        "Nome": "Cápsulas de Café Nespresso Ristretto",
        "Marca": "L'Or",
        "Preco": 13.29,
        "Unidade_Info": "40 Un | 0,33 €/Un",
        "Categorias_GTM": "N/A",
        "Data_Coleta": "2025-06-01 01:28:03"
    },
    {
        "ID_Produto": "972769",
        "Categoria_Scraping": "mercearia",
        "Nome": "Cápsulas de Café Nespresso Ristretto",
        "Marca": "Buondi",
        "Preco": 10.99,
        "Unidade_Info": "36 Un | 0,31 €/Un",
        "Categorias_GTM": "Café, Chá e Bebidas Quentes, Cápsulas de Café, Mercearia, Categoria Referência SFCC",
        "Data_Coleta": "2025-06-01 01:28:03"
    },
    {
        "ID_Produto": "815613",
        "Categoria_Scraping": "mercearia",
        "Nome": "Cápsulas de Café Qalidus",
        "Marca": "Delta Q",
        "Preco": 15.99,
        "Unidade_Info": "40 Un | 0,4 €/Un",
        "Categorias_GTM": "Categoria Referência SFCC, Café, Chá e Bebidas Quentes, Cápsulas de Café, Mercearia",
        "Data_Coleta": "2025-06-01 01:28:03"
    },
    {
        "ID_Produto": "927085",
        "Categoria_Scraping": "mercearia",
        "Nome": "Cápsulas de Café Ristretto Ardenza",
        "Marca": "Nescafé Dolce Gusto",
        "Preco": 19.99,
        "Unidade_Info": "64 Un | 0,31 €/Un",
        "Categorias_GTM": "Café, Chá e Bebidas Quentes, Cápsulas de Café, Mercearia, Categoria Referência SFCC",
        "Data_Coleta": "2025-06-01 01:28:03"
    },
    {
        "ID_Produto": "927086",
        "Categoria_Scraping": "mercearia",
        "Nome": "Cápsulas de Café Sical",
        "Marca": "Nescafé Dolce Gusto",
        "Preco": 19.49,
        "Unidade_Info": "64 Un | 0,3 €/Un",
        "Categorias_GTM": "Café, Chá e Bebidas Quentes, Cápsulas de Café, Mercearia, Categoria Referência SFCC",
        "Data_Coleta": "2025-06-01 01:28:03"
    },
    {
        "ID_Produto": "374668",
        "Categoria_Scraping": "mercearia",
        "Nome": "Cereais Choco Flakes",
        "Marca": "Cuétara",
        "Preco": 3.34,
        "Unidade_Info": "0.5 Kg | 6,68 €/Kg",
        "Categorias_GTM": "Bolachas, Mercearia, Pepitas, Cobertas e Recheadas, Categoria Referência SFCC, Poupe Este Fim De Semana",
        "Data_Coleta": "2025-06-01 01:28:03"
    },
    {
        "ID_Produto": "868289",
        "Categoria_Scraping": "mercearia",
        "Nome": "Cereais Chocolocos",
        "Marca": "Pingo Doce",
        "Preco": 3.59,
        "Unidade_Info": "1 Kg | 3,59 €/Kg",
        "Categorias_GTM": "Cereais e Barras, Infantis e Juvenis, Mercearia, As Nossas Marcas, Pingo Doce",
        "Data_Coleta": "2025-06-01 01:28:03"
    },
    {
        "ID_Produto": "931788",
        "Categoria_Scraping": "mercearia",
        "Nome": "Cereais Chocolocos",
        "Marca": "Pingo Doce",
        "Preco": 1.99,
        "Unidade_Info": "0.5 Kg | 3,98 €/Kg",
        "Categorias_GTM": "As Nossas Marcas, Pingo Doce, Categoria Referência SFCC, Cereais e Barras, Infantis e Juvenis",
        "Data_Coleta": "2025-06-01 01:28:09"
    },
    {
        "ID_Produto": "760687",
        "Categoria_Scraping": "mercearia",
        "Nome": "Cereais de Chocolate",
        "Marca": "Chocapic",
        "Preco": 3.49,
        "Unidade_Info": "0.375 Kg | 9,31 €/Kg",
        "Categorias_GTM": "Cereais e Barras, Infantis e Juvenis, Mercearia, Categoria Referência SFCC",
        "Data_Coleta": "2025-06-01 01:28:09"
    },
    {
        "ID_Produto": "845747",
        "Categoria_Scraping": "mercearia",
        "Nome": "Cereais de Mel",
        "Marca": "Estrelitas",
        "Preco": 3.49,
        "Unidade_Info": "0.55 Kg | 6,35 €/Kg",
        "Categorias_GTM": "Categoria Referência SFCC, Cereais e Barras, Infantis e Juvenis, Mercearia, Poupe Este Fim De Semana",
        "Data_Coleta": "2025-06-01 01:28:09"
    },
    {
        "ID_Produto": "832962",
        "Categoria_Scraping": "mercearia",
        "Nome": "Cereais Linha com Chocolate",
        "Marca": "Pingo Doce",
        "Preco": 1.89,
        "Unidade_Info": "0.3 Kg | 6,3 €/Kg",
        "Categorias_GTM": "As Nossas Marcas, Pingo Doce, Cereais e Barras, Linha e Fibra, Mercearia",
        "Data_Coleta": "2025-06-01 01:28:09"
    },
    {
        "ID_Produto": "942371",
        "Categoria_Scraping": "mercearia",
        "Nome": "Chocolate em Pó",
        "Marca": "Pingo Doce",
        "Preco": 3.99,
        "Unidade_Info": "0.8 Kg | 4,99 €/Kg",
        "Categorias_GTM": "As Nossas Marcas, Pingo Doce, Achocolatados, Café, Chá e Bebidas Quentes, Mercearia",
        "Data_Coleta": "2025-06-01 01:28:09"
    },
    {
        "ID_Produto": "729232",
        "Categoria_Scraping": "mercearia",
        "Nome": "Chocolate em Pó",
        "Marca": "Nesquik",
        "Preco": 9.49,
        "Unidade_Info": "1 Kg | 9,49 €/Kg",
        "Categorias_GTM": "Categoria Referência SFCC, Achocolatados, Café, Chá e Bebidas Quentes, Mercearia",
        "Data_Coleta": "2025-06-01 01:28:09"
    },
    {
        "ID_Produto": "941233",
        "Categoria_Scraping": "mercearia",
        "Nome": "Chocolate em Pó",
        "Marca": "Nesquik",
        "Preco": 3.49,
        "Unidade_Info": "0.39 Kg | 8,95 €/Kg",
        "Categorias_GTM": "Achocolatados, Café, Chá e Bebidas Quentes, Mercearia, Categoria Referência SFCC, Poupe Esta Semana",
        "Data_Coleta": "2025-06-01 01:28:09"
    },
    {
        "ID_Produto": "638910",
        "Categoria_Scraping": "mercearia",
        "Nome": "Cogumelos Laminados em Lata Pack 3",
        "Marca": "Pingo Doce",
        "Preco": 2.19,
        "Unidade_Info": "3 x0.105 Kg | 6,95 €/Kg",
        "Categorias_GTM": "As Nossas Marcas, Pingo Doce, Categoria Referência SFCC, Cogumelos e Outros Vegetais, Conservas",
        "Data_Coleta": "2025-06-01 01:28:09"
    },
    {
        "ID_Produto": "921726",
        "Categoria_Scraping": "mercearia",
        "Nome": "Creme para Barrar Chocolate e Avelãs",
        "Marca": "Nutella",
        "Preco": 6.39,
        "Unidade_Info": "0.6 Kg | 10,65 €/Kg",
        "Categorias_GTM": "Categoria Referência SFCC, Mercearia, Cremes para Barrar",
        "Data_Coleta": "2025-06-01 01:28:09"
    },
    {
        "ID_Produto": "760272",
        "Categoria_Scraping": "mercearia",
        "Nome": "Feijão Branco Lata",
        "Marca": "Pingo Doce",
        "Preco": 1.19,
        "Unidade_Info": "0.52 Kg | 2,29 €/Kg",
        "Categorias_GTM": "Conservas, Mercearia, Categoria Referência SFCC, As Nossas Marcas, Pingo Doce",
        "Data_Coleta": "2025-06-01 01:28:09"
    },
    {
        "ID_Produto": "760274",
        "Categoria_Scraping": "mercearia",
        "Nome": "Feijão Encarnado em Lata",
        "Marca": "Pingo Doce",
        "Preco": 1.19,
        "Unidade_Info": "0.52 Kg | 2,29 €/Kg",
        "Categorias_GTM": "Categoria Referência SFCC, Mercearia, Conservas, As Nossas Marcas, Pingo Doce",
        "Data_Coleta": "2025-06-01 01:28:09"
    },
    {
        "ID_Produto": "353390",
        "Categoria_Scraping": "mercearia",
        "Nome": "Feijão Manteiga Cozido em Frasco",
        "Marca": "Pingo Doce",
        "Preco": 0.89,
        "Unidade_Info": "0.4 Kg | 2,23 €/Kg",
        "Categorias_GTM": "Conservas, Mercearia, As Nossas Marcas, Pingo Doce, Categoria Referência SFCC",
        "Data_Coleta": "2025-06-01 01:28:09"
    },
    {
        "ID_Produto": "760270",
        "Categoria_Scraping": "mercearia",
        "Nome": "Feijão Manteiga Lata",
        "Marca": "Pingo Doce",
        "Preco": 1.19,
        "Unidade_Info": "0.52 Kg | 2,29 €/Kg",
        "Categorias_GTM": "Categoria Referência SFCC, Conservas, Mercearia, As Nossas Marcas, Pingo Doce",
        "Data_Coleta": "2025-06-01 01:28:16"
    },
    {
        "ID_Produto": "357370",
        "Categoria_Scraping": "mercearia",
        "Nome": "Feijão Preto em Lata",
        "Marca": "Pingo Doce",
        "Preco": 0.84,
        "Unidade_Info": "0.26 Kg | 3,23 €/Kg",
        "Categorias_GTM": "Conservas, Mercearia, As Nossas Marcas, Pingo Doce, Categoria Referência SFCC",
        "Data_Coleta": "2025-06-01 01:28:16"
    },
    {
        "ID_Produto": "760273",
        "Categoria_Scraping": "mercearia",
        "Nome": "Feijão Preto em Lata",
        "Marca": "Pingo Doce",
        "Preco": 1.19,
        "Unidade_Info": "0.52 Kg | 2,29 €/Kg",
        "Categorias_GTM": "Categoria Referência SFCC, Conservas, Mercearia, As Nossas Marcas, Pingo Doce",
        "Data_Coleta": "2025-06-01 01:28:16"
    },
    {
        "ID_Produto": "925349",
        "Categoria_Scraping": "mercearia",
        "Nome": "Filetes de Atum ao Natural",
        "Marca": "Pingo Doce",
        "Preco": 1.79,
        "Unidade_Info": "0.085 Kg | 21,06 €/Kg",
        "Categorias_GTM": "As Nossas Marcas, Pingo Doce, Conservas, Mercearia, Atum",
        "Data_Coleta": "2025-06-01 01:28:16"
    },
    {
        "ID_Produto": "594708",
        "Categoria_Scraping": "mercearia",
        "Nome": "Filetes de Atum em Azeite",
        "Marca": "Tenório",
        "Preco": 3.15,
        "Unidade_Info": "0.078 Kg | 40,38 €/Kg",
        "Categorias_GTM": "Categoria Referência SFCC, Atum, Conservas, Mercearia",
        "Data_Coleta": "2025-06-01 01:28:16"
    },
    {
        "ID_Produto": "933500",
        "Categoria_Scraping": "mercearia",
        "Nome": "Granola de Frutas e Frutos Secos sem Açúcar",
        "Marca": "Pingo Doce",
        "Preco": 2.89,
        "Unidade_Info": "0.325 Kg | 8,89 €/Kg",
        "Categorias_GTM": "As Nossas Marcas, Pingo Doce, Categoria Referência SFCC, Cereais e Barras, Mercearia",
        "Data_Coleta": "2025-06-01 01:28:16"
    },
    {
        "ID_Produto": "760271",
        "Categoria_Scraping": "mercearia",
        "Nome": "Grão Bico em Lata",
        "Marca": "Pingo Doce",
        "Preco": 1.19,
        "Unidade_Info": "0.52 Kg | 2,29 €/Kg",
        "Categorias_GTM": "Conservas, Mercearia, As Nossas Marcas, Pingo Doce, Categoria Referência SFCC",
        "Data_Coleta": "2025-06-01 01:28:16"
    },
    {
        "ID_Produto": "503122",
        "Categoria_Scraping": "mercearia",
        "Nome": "Gressinos Finos",
        "Marca": "Pingo Doce",
        "Preco": 1.69,
        "Unidade_Info": "0.25 Kg | 6,76 €/Kg",
        "Categorias_GTM": "Categoria Referência SFCC, Aperitivos e Snacks, Mercearia, Tostas, Gressinos e Croutons, As Nossas Marcas",
        "Data_Coleta": "2025-06-01 01:28:16"
    },
    {
        "ID_Produto": "468959",
        "Categoria_Scraping": "mercearia",
        "Nome": "Leite Condensado Magro",
        "Marca": "Pingo Doce",
        "Preco": 1.45,
        "Unidade_Info": "0.397 Kg | 3,65 €/Kg",
        "Categorias_GTM": "As Nossas Marcas, Pingo Doce, Categoria Referência SFCC, Leite Condensado e Leite de Coco, Mercearia",
        "Data_Coleta": "2025-06-01 01:28:16"
    },
    {
        "ID_Produto": "822492",
        "Categoria_Scraping": "mercearia",
        "Nome": "Leite de Coco",
        "Marca": "Pingo Doce",
        "Preco": 1.59,
        "Unidade_Info": "0.4 L | 3,98 €/L",
        "Categorias_GTM": "As Nossas Marcas, Pingo Doce, Categoria Referência SFCC, Leite Condensado e Leite de Coco, Mercearia",
        "Data_Coleta": "2025-06-01 01:28:16"
    },
    {
        "ID_Produto": "948203",
        "Categoria_Scraping": "mercearia",
        "Nome": "Madalenas",
        "Marca": "Pingo Doce",
        "Preco": 1.69,
        "Unidade_Info": "0.35 Kg | 4,83 €/Kg",
        "Categorias_GTM": "Bolos e Tortas, Mercearia, Pão e Bolos Embalados, Categoria Referência SFCC, As Nossas Marcas",
        "Data_Coleta": "2025-06-01 01:28:16"
    },
    {
        "ID_Produto": "736431",
        "Categoria_Scraping": "mercearia",
        "Nome": "Maionese em Frasco",
        "Marca": "Hellmann's",
        "Preco": 3.09,
        "Unidade_Info": "0.416 Kg | 7,43 €/Kg",
        "Categorias_GTM": "N/A",
        "Data_Coleta": "2025-06-01 01:28:16"
    },
    {
        "ID_Produto": "921589",
        "Categoria_Scraping": "mercearia",
        "Nome": "Manteiga de Amendoim Cremosa",
        "Marca": "Pingo Doce",
        "Preco": 1.79,
        "Unidade_Info": "0.34 Kg | 5,26 €/Kg",
        "Categorias_GTM": "As Nossas Marcas, Pingo Doce, Categoria Referência SFCC, Cremes para Barrar, Mercearia",
        "Data_Coleta": "2025-06-01 01:28:23"
    },
    {
        "ID_Produto": "850741",
        "Categoria_Scraping": "mercearia",
        "Nome": "Massa Esparguete",
        "Marca": "Nacional",
        "Preco": 0.99,
        "Unidade_Info": "0.725 Kg | 1,37 €/Kg",
        "Categorias_GTM": "Arroz e Massa, Massa, Mercearia, Categoria Referência SFCC, Poupe Este Fim De Semana",
        "Data_Coleta": "2025-06-01 01:28:23"
    },
    {
        "ID_Produto": "909274",
        "Categoria_Scraping": "mercearia",
        "Nome": "Massa Esparguete",
        "Marca": "Pingo Doce",
        "Preco": 0.99,
        "Unidade_Info": "0.5 Kg | 1,98 €/Kg",
        "Categorias_GTM": "As Nossas Marcas, Pingo Doce, Mercearia, Arroz e Massa, Massa",
        "Data_Coleta": "2025-06-01 01:28:23"
    },
    {
        "ID_Produto": "967770",
        "Categoria_Scraping": "mercearia",
        "Nome": "Massa Esparguete",
        "Marca": "Milaneza",
        "Preco": 0.59,
        "Unidade_Info": "0.55 Kg | 1,07 €/Kg",
        "Categorias_GTM": "Arroz e Massa, Massa, Mercearia, Promoções, Poupe Esta Semana",
        "Data_Coleta": "2025-06-01 01:28:23"
    },
    {
        "ID_Produto": "662821",
        "Categoria_Scraping": "mercearia",
        "Nome": "Massa Espirais",
        "Marca": "Milaneza",
        "Preco": 1.04,
        "Unidade_Info": "0.5 Kg | 2,08 €/Kg",
        "Categorias_GTM": "Poupe Esta Semana, Categoria Referência SFCC, Promoções, Arroz e Massa, Massa",
        "Data_Coleta": "2025-06-01 01:28:23"
    },
    {
        "ID_Produto": "909276",
        "Categoria_Scraping": "mercearia",
        "Nome": "Massa Farfalle",
        "Marca": "Pingo Doce",
        "Preco": 1.09,
        "Unidade_Info": "0.5 Kg | 2,18 €/Kg",
        "Categorias_GTM": "As Nossas Marcas, Pingo Doce, Arroz e Massa, Massa, Mercearia",
        "Data_Coleta": "2025-06-01 01:28:23"
    },
    {
        "ID_Produto": "909277",
        "Categoria_Scraping": "mercearia",
        "Nome": "Massa Fusilli",
        "Marca": "Pingo Doce",
        "Preco": 1.09,
        "Unidade_Info": "0.5 Kg | 2,18 €/Kg",
        "Categorias_GTM": "Arroz e Massa, Massa, Mercearia, As Nossas Marcas, Pingo Doce",
        "Data_Coleta": "2025-06-01 01:28:23"
    },
    {
        "ID_Produto": "909275",
        "Categoria_Scraping": "mercearia",
        "Nome": "Massa Fusilli Tricolor",
        "Marca": "Pingo Doce",
        "Preco": 1.09,
        "Unidade_Info": "0.5 Kg | 2,18 €/Kg",
        "Categorias_GTM": "As Nossas Marcas, Pingo Doce, Arroz e Massa, Massa, Mercearia",
        "Data_Coleta": "2025-06-01 01:28:23"
    },
    {
        "ID_Produto": "657978",
        "Categoria_Scraping": "mercearia",
        "Nome": "Massa Macarrão Grande Riscado",
        "Marca": "Pingo Doce",
        "Preco": 0.99,
        "Unidade_Info": "0.5 Kg | 1,98 €/Kg",
        "Categorias_GTM": "Categoria Referência SFCC, As Nossas Marcas, Pingo Doce, Arroz e Massa, Massa",
        "Data_Coleta": "2025-06-01 01:28:23"
    },
    {
        "ID_Produto": "857929",
        "Categoria_Scraping": "mercearia",
        "Nome": "Massa Macarronete Riscado",
        "Marca": "Pingo Doce",
        "Preco": 0.79,
        "Unidade_Info": "0.5 Kg | 1,58 €/Kg",
        "Categorias_GTM": "Categoria Referência SFCC, Mercearia, Arroz e Massa, Massa, As Nossas Marcas",
        "Data_Coleta": "2025-06-01 01:28:23"
    },
    {
        "ID_Produto": "909278",
        "Categoria_Scraping": "mercearia",
        "Nome": "Massa Penne",
        "Marca": "Pingo Doce",
        "Preco": 1.09,
        "Unidade_Info": "0.5 Kg | 2,18 €/Kg",
        "Categorias_GTM": "As Nossas Marcas, Pingo Doce, Arroz e Massa, Massa, Mercearia",
        "Data_Coleta": "2025-06-01 01:28:23"
    },
    {
        "ID_Produto": "899668",
        "Categoria_Scraping": "mercearia",
        "Nome": "Massa Spaghetti",
        "Marca": "Barilla",
        "Preco": 1.99,
        "Unidade_Info": "0.5 Kg | 3,98 €/Kg",
        "Categorias_GTM": "Categoria Referência SFCC, Arroz e Massa, Massa, Mercearia",
        "Data_Coleta": "2025-06-01 01:28:23"
    },
    {
        "ID_Produto": "909061",
        "Categoria_Scraping": "mercearia",
        "Nome": "Mel em Frasco",
        "Marca": "Favo",
        "Preco": 2.69,
        "Unidade_Info": "0.5 Kg | 5,38 €/Kg",
        "Categorias_GTM": "Compotas e Doces, Mel, Mercearia, Categoria Referência SFCC, Poupe Esta Semana",
        "Data_Coleta": "2025-06-01 01:28:30"
    },
    {
        "ID_Produto": "909063",
        "Categoria_Scraping": "mercearia",
        "Nome": "Mel Top Down",
        "Marca": "Favo",
        "Preco": 3.14,
        "Unidade_Info": "0.45 Kg | 6,98 €/Kg",
        "Categorias_GTM": "Compotas e Doces, Mel, Mercearia, Categoria Referência SFCC",
        "Data_Coleta": "2025-06-01 01:28:30"
    },
    {
        "ID_Produto": "678375",
        "Categoria_Scraping": "mercearia",
        "Nome": "Milho Doce Lata",
        "Marca": "Pingo Doce",
        "Preco": 1.15,
        "Unidade_Info": "0.285 Kg | 4,04 €/Kg",
        "Categorias_GTM": "Categoria Referência SFCC, Cogumelos e Outros Vegetais, Conservas, Mercearia, As Nossas Marcas",
        "Data_Coleta": "2025-06-01 01:28:30"
    },
    {
        "ID_Produto": "731057",
        "Categoria_Scraping": "mercearia",
        "Nome": "Miolo de Noz Metades",
        "Marca": "Pingo Doce",
        "Preco": 2.89,
        "Unidade_Info": "0.2 Kg | 14,45 €/Kg",
        "Categorias_GTM": "Categoria Referência SFCC, Aperitivos e Snacks, Frutos Secos e Desidratados, Mercearia, As Nossas Marcas",
        "Data_Coleta": "2025-06-01 01:28:30"
    },
    {
        "ID_Produto": "556730",
        "Categoria_Scraping": "mercearia",
        "Nome": "Molho de Tomate e Manjericão",
        "Marca": "Pingo Doce",
        "Preco": 1.39,
        "Unidade_Info": "0.34 Kg | 4,09 €/Kg",
        "Categorias_GTM": "As Nossas Marcas, Pingo Doce, Categoria Referência SFCC, Mercearia, Outros Molhos e Temperos",
        "Data_Coleta": "2025-06-01 01:28:30"
    },
    {
        "ID_Produto": "968922",
        "Categoria_Scraping": "mercearia",
        "Nome": "Muesli Chocolate",
        "Marca": "Pingo Doce",
        "Preco": 2.65,
        "Unidade_Info": "0.5 Kg | 5,3 €/Kg",
        "Categorias_GTM": "Cereais e Barras, Mercearia, Muesli e Granola, As Nossas Marcas, Pingo Doce",
        "Data_Coleta": "2025-06-01 01:28:30"
    },
    {
        "ID_Produto": "857044",
        "Categoria_Scraping": "mercearia",
        "Nome": "Muesli Crunchy",
        "Marca": "Pingo Doce",
        "Preco": 3.49,
        "Unidade_Info": "1 Kg | 3,49 €/Kg",
        "Categorias_GTM": "Categoria Referência SFCC, Cereais e Barras, Mercearia, Muesli e Granola, As Nossas Marcas",
        "Data_Coleta": "2025-06-01 01:28:30"
    },
    {
        "ID_Produto": "968014",
        "Categoria_Scraping": "mercearia",
        "Nome": "Muesli Frutos Secos",
        "Marca": "Pingo Doce",
        "Preco": 2.09,
        "Unidade_Info": "0.5 Kg | 4,18 €/Kg",
        "Categorias_GTM": "Cereais e Barras, Mercearia, Muesli e Granola, As Nossas Marcas, Pingo Doce",
        "Data_Coleta": "2025-06-01 01:28:30"
    },
    {
        "ID_Produto": "703571",
        "Categoria_Scraping": "mercearia",
        "Nome": "Óleo Alimentar",
        "Marca": "Apetite",
        "Preco": 1.39,
        "Unidade_Info": "1 L | 1,39 €/L",
        "Categorias_GTM": "Categoria Referência SFCC, Azeite, Óleo e Vinagre, Mercearia, Óleo, Poupe Este Fim De Semana",
        "Data_Coleta": "2025-06-01 01:28:30"
    },
    {
        "ID_Produto": "767814",
        "Categoria_Scraping": "mercearia",
        "Nome": "Óleo de Girassol",
        "Marca": "Fula",
        "Preco": 1.89,
        "Unidade_Info": "1 L | 1,89 €/L",
        "Categorias_GTM": "Azeite, Óleo e Vinagre, Mercearia, Óleo, Categoria Referência SFCC",
        "Data_Coleta": "2025-06-01 01:28:30"
    },
    {
        "ID_Produto": "975553",
        "Categoria_Scraping": "mercearia",
        "Nome": "Pão de Forma 12 Cereais",
        "Marca": "Oroweat",
        "Preco": 2.19,
        "Unidade_Info": "0.55 Kg | 3,98 €/Kg",
        "Categorias_GTM": "Promoções, Mercearia, Pão e Bolos Embalados, Poupe Este Fim De Semana, Poupe Esta Semana",
        "Data_Coleta": "2025-06-01 01:28:30"
    },
    {
        "ID_Produto": "955563",
        "Categoria_Scraping": "mercearia",
        "Nome": "Pão de Forma 12 Cereais",
        "Marca": "Pingo Doce",
        "Preco": 1.38,
        "Unidade_Info": "0.6 Kg | 2,3 €/Kg",
        "Categorias_GTM": "Pão e Bolos Embalados, Categoria Referência SFCC, As Nossas Marcas, Pingo Doce, Mercearia",
        "Data_Coleta": "2025-06-01 01:28:30"
    },
    {
        "ID_Produto": "842588",
        "Categoria_Scraping": "mercearia",
        "Nome": "Pão de Forma 9 Cereais sem Côdea",
        "Marca": "Panrico",
        "Preco": 2.68,
        "Unidade_Info": "0.48 Kg | 5,58 €/Kg",
        "Categorias_GTM": "Categoria Referência SFCC, Mercearia, Pão e Bolos Embalados",
        "Data_Coleta": "2025-06-01 01:28:37"
    },
    {
        "ID_Produto": "463549",
        "Categoria_Scraping": "mercearia",
        "Nome": "Pão de Forma Branco sem Côdea",
        "Marca": "Pingo Doce",
        "Preco": 1.29,
        "Unidade_Info": "0.45 Kg | 2,87 €/Kg",
        "Categorias_GTM": "Mercearia, Pão e Bolos Embalados, Categoria Referência SFCC, As Nossas Marcas, Pingo Doce",
        "Data_Coleta": "2025-06-01 01:28:37"
    },
    {
        "ID_Produto": "777269",
        "Categoria_Scraping": "mercearia",
        "Nome": "Pão de Forma com Côdea Familiar",
        "Marca": "Bimbo",
        "Preco": 1.99,
        "Unidade_Info": "0.7 Kg | 2,84 €/Kg",
        "Categorias_GTM": "Promoções, Poupe Esta Semana, Categoria Referência SFCC, Poupe Este Fim De Semana, Pão e Bolos Embalados",
        "Data_Coleta": "2025-06-01 01:28:37"
    },
    {
        "ID_Produto": "865511",
        "Categoria_Scraping": "mercearia",
        "Nome": "Pão de Forma Especial Torradas com Côdea",
        "Marca": "Panrico",
        "Preco": 1.99,
        "Unidade_Info": "0.75 Kg | 2,65 €/Kg",
        "Categorias_GTM": "Mercearia, Pão e Bolos Embalados, Categoria Referência SFCC, Poupe Esta Semana, Promoções",
        "Data_Coleta": "2025-06-01 01:28:37"
    },
    {
        "ID_Produto": "881477",
        "Categoria_Scraping": "mercearia",
        "Nome": "Pão de Forma Integral com Côdea",
        "Marca": "Bimbo",
        "Preco": 1.89,
        "Unidade_Info": "0.48 Kg | 3,94 €/Kg",
        "Categorias_GTM": "Mercearia, Pão e Bolos Embalados, Promoções, Poupe Esta Semana, Categoria Referência SFCC",
        "Data_Coleta": "2025-06-01 01:28:37"
    },
    {
        "ID_Produto": "756058",
        "Categoria_Scraping": "mercearia",
        "Nome": "Pão de Leite",
        "Marca": "Bimbo",
        "Preco": 2.99,
        "Unidade_Info": "0.28 Kg | 10,68 €/Kg",
        "Categorias_GTM": "Categoria Referência SFCC, Bolos e Tortas, Mercearia, Pão e Bolos Embalados",
        "Data_Coleta": "2025-06-01 01:28:37"
    },
    {
        "ID_Produto": "891364",
        "Categoria_Scraping": "mercearia",
        "Nome": "Pão de Leite",
        "Marca": "Dulca",
        "Preco": 1.49,
        "Unidade_Info": "0.275 Kg | 5,42 €/Kg",
        "Categorias_GTM": "Categoria Referência SFCC, Bolos e Tortas, Mercearia, Pão e Bolos Embalados, Poupe Esta Semana",
        "Data_Coleta": "2025-06-01 01:28:37"
    },
    {
        "ID_Produto": "390605",
        "Categoria_Scraping": "mercearia",
        "Nome": "Pão para Hot-Dog",
        "Marca": "Pingo Doce",
        "Preco": 0.98,
        "Unidade_Info": "0.33 Kg | 2,97 €/Kg",
        "Categorias_GTM": "Mercearia, Pão e Bolos Embalados, As Nossas Marcas, Pingo Doce, Categoria Referência SFCC",
        "Data_Coleta": "2025-06-01 01:28:37"
    },
    {
        "ID_Produto": "963013",
        "Categoria_Scraping": "mercearia",
        "Nome": "Pêssego em Calda",
        "Marca": "Pingo Doce",
        "Preco": 1.99,
        "Unidade_Info": "0.825 Kg | 2,41 €/Kg",
        "Categorias_GTM": "Fruta em Calda, Mercearia, Sobremesas, As Nossas Marcas, Pingo Doce",
        "Data_Coleta": "2025-06-01 01:28:37"
    },
    {
        "ID_Produto": "969634",
        "Categoria_Scraping": "mercearia",
        "Nome": "Pistachos Torrados com Sal",
        "Marca": "Pingo Doce",
        "Preco": 3.45,
        "Unidade_Info": "0.25 Kg | 13,8 €/Kg",
        "Categorias_GTM": "Aperitivos e Snacks, Mercearia, Frutos Secos e Desidratados, As Nossas Marcas, Pingo Doce",
        "Data_Coleta": "2025-06-01 01:28:37"
    },
    {
        "ID_Produto": "927480",
        "Categoria_Scraping": "mercearia",
        "Nome": "Polpa de Tomate",
        "Marca": "Pingo Doce",
        "Preco": 0.99,
        "Unidade_Info": "0.5 Kg | 1,98 €/Kg",
        "Categorias_GTM": "As Nossas Marcas, Pingo Doce, Mercearia, Polpas e Concentrados, Temperos",
        "Data_Coleta": "2025-06-01 01:28:37"
    },
    {
        "ID_Produto": "888456",
        "Categoria_Scraping": "mercearia",
        "Nome": "Polpa de Tomate com Cebola e Alho",
        "Marca": "Pingo Doce",
        "Preco": 1.39,
        "Unidade_Info": "0.5 L | 2,78 €/L",
        "Categorias_GTM": "As Nossas Marcas, Pingo Doce, Mercearia, Polpas e Concentrados, Temperos",
        "Data_Coleta": "2025-06-01 01:28:37"
    },
    {
        "ID_Produto": "923707",
        "Categoria_Scraping": "mercearia",
        "Nome": "Polpa de Tomate em Lata Pack 3",
        "Marca": "Pingo Doce",
        "Preco": 1.49,
        "Unidade_Info": "3 x0.21 Kg | 2,37 €/Kg",
        "Categorias_GTM": "As Nossas Marcas, Pingo Doce, Categoria Referência SFCC, Mercearia, Polpas e Concentrados",
        "Data_Coleta": "2025-06-01 01:28:44"
    },
    {
        "ID_Produto": "701347",
        "Categoria_Scraping": "mercearia",
        "Nome": "Puré de Batata",
        "Marca": "Mousline",
        "Preco": 2.99,
        "Unidade_Info": "0.25 Kg | 11,96 €/Kg",
        "Categorias_GTM": "Categoria Referência SFCC, Mercearia, Sopas e Refeições Pré-Preparadas",
        "Data_Coleta": "2025-06-01 01:28:44"
    },
    {
        "ID_Produto": "936066",
        "Categoria_Scraping": "mercearia",
        "Nome": "Salsichas de Aves",
        "Marca": "Pingo Doce",
        "Preco": 1.09,
        "Unidade_Info": "0.2 Kg | 5,45 €/Kg",
        "Categorias_GTM": "As Nossas Marcas, Pingo Doce, Conservas, Mercearia, Salsichas",
        "Data_Coleta": "2025-06-01 01:28:44"
    },
    {
        "ID_Produto": "12970",
        "Categoria_Scraping": "mercearia",
        "Nome": "Salsichas Frankfurt em Lata",
        "Marca": "Nobre",
        "Preco": 2.39,
        "Unidade_Info": "0.25 Kg | 9,56 €/Kg",
        "Categorias_GTM": "Conservas, Mercearia, Salsichas, Categoria Referência SFCC",
        "Data_Coleta": "2025-06-01 01:28:44"
    },
    {
        "ID_Produto": "731636",
        "Categoria_Scraping": "mercearia",
        "Nome": "Salsichas Frankfurt Lata",
        "Marca": "Nobre",
        "Preco": 1.99,
        "Unidade_Info": "0.2 Kg | 9,95 €/Kg",
        "Categorias_GTM": "Categoria Referência SFCC, Conservas, Mercearia, Salsichas",
        "Data_Coleta": "2025-06-01 01:28:44"
    },
    {
        "ID_Produto": "726418",
        "Categoria_Scraping": "mercearia",
        "Nome": "Salsichas Frankfurt Lata",
        "Marca": "Campesino",
        "Preco": 0.69,
        "Unidade_Info": "0.2 Kg | 3,45 €/Kg",
        "Categorias_GTM": "Categoria Referência SFCC, Conservas, Mercearia, Salsichas, Poupe Esta Semana",
        "Data_Coleta": "2025-06-01 01:28:44"
    },
    {
        "ID_Produto": "322241",
        "Categoria_Scraping": "mercearia",
        "Nome": "Salsichas Tipo Alemãs em Frasco",
        "Marca": "Pingo Doce",
        "Preco": 2.49,
        "Unidade_Info": "0.25 Kg | 9,96 €/Kg",
        "Categorias_GTM": "As Nossas Marcas, Pingo Doce, Conservas, Mercearia, Salsichas",
        "Data_Coleta": "2025-06-01 01:28:44"
    },
    {
        "ID_Produto": "538028",
        "Categoria_Scraping": "mercearia",
        "Nome": "Tablete de Chocolate Culinária",
        "Marca": "Pantagruel",
        "Preco": 3.89,
        "Unidade_Info": "0.2 Kg | 19,45 €/Kg",
        "Categorias_GTM": "Categoria Referência SFCC, Cacau e Chocolate para Culinária, Mercearia, Sobremesas",
        "Data_Coleta": "2025-06-01 01:28:44"
    },
    {
        "ID_Produto": "940527",
        "Categoria_Scraping": "mercearia",
        "Nome": "Tablete de Chocolate Culinária",
        "Marca": "Pingo Doce",
        "Preco": 2.49,
        "Unidade_Info": "0.2 Kg | 12,45 €/Kg",
        "Categorias_GTM": "As Nossas Marcas, Pingo Doce, Cacau e Chocolate para Culinária, Mercearia, Sobremesas",
        "Data_Coleta": "2025-06-01 01:28:44"
    },
    {
        "ID_Produto": "762247",
        "Categoria_Scraping": "mercearia",
        "Nome": "Tomate Pelado",
        "Marca": "Pingo Doce",
        "Preco": 0.75,
        "Unidade_Info": "0.39 Kg | 1,92 €/Kg",
        "Categorias_GTM": "As Nossas Marcas, Pingo Doce, Categoria Referência SFCC, Mercearia, Polpas e Concentrados",
        "Data_Coleta": "2025-06-01 01:28:44"
    },
    {
        "ID_Produto": "956245",
        "Categoria_Scraping": "mercearia",
        "Nome": "Tortilhas Wrap",
        "Marca": "Pingo Doce",
        "Preco": 1.19,
        "Unidade_Info": "0.32 Un | 3,72 €/Un",
        "Categorias_GTM": "Mercearia, Pão e Bolos Embalados, Categoria Referência SFCC, As Nossas Marcas, Pingo Doce",
        "Data_Coleta": "2025-06-01 01:28:44"
    },
    {
        "ID_Produto": "32333",
        "Categoria_Scraping": "mercearia",
        "Nome": "8 Barritas de Chocolate de Leite Kinder",
        "Marca": "Kinder",
        "Preco": 2.15,
        "Unidade_Info": "0.1 Kg | 21,5 €/Kg",
        "Categorias_GTM": "Chocolates e Guloseimas, Mercearia, Snacks de Chocolate, Categoria Referência SFCC",
        "Data_Coleta": "2025-06-01 01:28:44"
    },
    {
        "ID_Produto": "902460",
        "Categoria_Scraping": "mercearia",
        "Nome": "Açúcar Mascavado",
        "Marca": "Pingo Doce",
        "Preco": 2.39,
        "Unidade_Info": "1 Kg | 2,39 €/Kg",
        "Categorias_GTM": "As Nossas Marcas, Pingo Doce, Categoria Referência SFCC, Açúcar e Adoçante, Mercearia",
        "Data_Coleta": "2025-06-01 01:28:51"
    },
    {
        "ID_Produto": "960050",
        "Categoria_Scraping": "mercearia",
        "Nome": "Ameixa Seca com Caroço",
        "Marca": "Pingo Doce",
        "Preco": 1.99,
        "Unidade_Info": "0.2 Kg | 9,95 €/Kg",
        "Categorias_GTM": "As Nossas Marcas, Pingo Doce, Aperitivos e Snacks, Frutos Secos e Desidratados, Mercearia",
        "Data_Coleta": "2025-06-01 01:28:51"
    },
    {
        "ID_Produto": "950016",
        "Categoria_Scraping": "mercearia",
        "Nome": "Amêndoa com Pele",
        "Marca": "Pingo Doce",
        "Preco": 1.79,
        "Unidade_Info": "0.15 Kg | 11,93 €/Kg",
        "Categorias_GTM": "As Nossas Marcas, Pingo Doce, Categoria Referência SFCC, Aperitivos e Snacks, Frutos Secos e Desidratados",
        "Data_Coleta": "2025-06-01 01:28:51"
    },
    {
        "ID_Produto": "838426",
        "Categoria_Scraping": "mercearia",
        "Nome": "Amêndoa com Pele",
        "Marca": "Frutorra",
        "Preco": 2.94,
        "Unidade_Info": "0.2 Kg | 14,7 €/Kg",
        "Categorias_GTM": "Aperitivos e Snacks, Frutos Secos e Desidratados, Mercearia, Categoria Referência SFCC, Poupe Esta Semana",
        "Data_Coleta": "2025-06-01 01:28:51"
    },
    {
        "ID_Produto": "969063",
        "Categoria_Scraping": "mercearia",
        "Nome": "Amêndoa Torrada com Pele",
        "Marca": "Pingo Doce",
        "Preco": 2.99,
        "Unidade_Info": "0.2 Kg | 14,95 €/Kg",
        "Categorias_GTM": "Aperitivos e Snacks, Frutos Secos e Desidratados, Mercearia, As Nossas Marcas, Pingo Doce",
        "Data_Coleta": "2025-06-01 01:28:51"
    },
    {
        "ID_Produto": "969061",
        "Categoria_Scraping": "mercearia",
        "Nome": "Amendoim Frito com Sal",
        "Marca": "Pingo Doce",
        "Preco": 1.19,
        "Unidade_Info": "0.25 Kg | 4,76 €/Kg",
        "Categorias_GTM": "Aperitivos e Snacks, Frutos Secos e Desidratados, Mercearia, As Nossas Marcas, Pingo Doce",
        "Data_Coleta": "2025-06-01 01:28:51"
    },
    {
        "ID_Produto": "949738",
        "Categoria_Scraping": "mercearia",
        "Nome": "Amendoim Torrado com Casca",
        "Marca": "Pingo Doce",
        "Preco": 1.99,
        "Unidade_Info": "0.5 Kg | 3,98 €/Kg",
        "Categorias_GTM": "As Nossas Marcas, Pingo Doce, Categoria Referência SFCC, Aperitivos e Snacks, Frutos Secos e Desidratados",
        "Data_Coleta": "2025-06-01 01:28:51"
    },
    {
        "ID_Produto": "839270",
        "Categoria_Scraping": "mercearia",
        "Nome": "Ananás em Calda Rodelas",
        "Marca": "Pingo Doce",
        "Preco": 2.19,
        "Unidade_Info": "0.825 Kg | 2,65 €/Kg",
        "Categorias_GTM": "As Nossas Marcas, Pingo Doce, Fruta em Calda, Mercearia, Sobremesas",
        "Data_Coleta": "2025-06-01 01:28:51"
    },
    {
        "ID_Produto": "735378",
        "Categoria_Scraping": "mercearia",
        "Nome": "Arroz Agulha",
        "Marca": "Oriente",
        "Preco": 1.69,
        "Unidade_Info": "1 Kg | 1,69 €/Kg",
        "Categorias_GTM": "Categoria Referência SFCC, Arroz, Arroz e Massa, Mercearia",
        "Data_Coleta": "2025-06-01 01:28:51"
    },
    {
        "ID_Produto": "735379",
        "Categoria_Scraping": "mercearia",
        "Nome": "Arroz Agulha",
        "Marca": "Cozinha Velha",
        "Preco": 1.54,
        "Unidade_Info": "1 Kg | 1,54 €/Kg",
        "Categorias_GTM": "Categoria Referência SFCC, Arroz, Arroz e Massa, Mercearia",
        "Data_Coleta": "2025-06-01 01:28:51"
    },
    {
        "ID_Produto": "616258",
        "Categoria_Scraping": "mercearia",
        "Nome": "Arroz Agulha",
        "Marca": "Saludães",
        "Preco": 1.35,
        "Unidade_Info": "1 Kg | 1,35 €/Kg",
        "Categorias_GTM": "Categoria Referência SFCC, Arroz, Arroz e Massa, Mercearia, Poupe Esta Semana",
        "Data_Coleta": "2025-06-01 01:28:51"
    },
    {
        "ID_Produto": "943554",
        "Categoria_Scraping": "mercearia",
        "Nome": "Arroz Basmati",
        "Marca": "Caçarola",
        "Preco": 2.39,
        "Unidade_Info": "1 Kg | 2,39 €/Kg",
        "Categorias_GTM": "Arroz, Arroz e Massa, Mercearia, Categoria Referência SFCC, Poupe Esta Semana",
        "Data_Coleta": "2025-06-01 01:28:51"
    },
    {
        "ID_Produto": "410666",
        "Categoria_Scraping": "mercearia",
        "Nome": "Arroz Basmati Pronto a Comer",
        "Marca": "Cigala",
        "Preco": 1.55,
        "Unidade_Info": "0.25 Kg | 6,2 €/Kg",
        "Categorias_GTM": "Arroz, Arroz e Massa, Mercearia, Categoria Referência SFCC",
        "Data_Coleta": "2025-06-01 01:28:58"
    },
    {
        "ID_Produto": "616259",
        "Categoria_Scraping": "mercearia",
        "Nome": "Arroz Carolino",
        "Marca": "Saludães",
        "Preco": 1.14,
        "Unidade_Info": "1 Kg | 1,14 €/Kg",
        "Categorias_GTM": "Categoria Referência SFCC, Arroz, Arroz e Massa, Mercearia, Poupe Esta Semana",
        "Data_Coleta": "2025-06-01 01:28:58"
    },
    {
        "ID_Produto": "38781",
        "Categoria_Scraping": "mercearia",
        "Nome": "Arroz Carolino",
        "Marca": "Caçarola",
        "Preco": 1.19,
        "Unidade_Info": "1 Kg | 1,19 €/Kg",
        "Categorias_GTM": "Poupe Esta Semana, Promoções, Arroz, Arroz e Massa, Mercearia",
        "Data_Coleta": "2025-06-01 01:28:58"
    },
    {
        "ID_Produto": "906210",
        "Categoria_Scraping": "mercearia",
        "Nome": "Arroz Risotto",
        "Marca": "Pingo Doce",
        "Preco": 1.99,
        "Unidade_Info": "1 Kg | 1,99 €/Kg",
        "Categorias_GTM": "Arroz, Arroz e Massa, Mercearia, As Nossas Marcas, Pingo Doce",
        "Data_Coleta": "2025-06-01 01:28:58"
    },
    {
        "ID_Produto": "735377",
        "Categoria_Scraping": "mercearia",
        "Nome": "Arroz Vaporizado",
        "Marca": "Cozinha Velha",
        "Preco": 1.34,
        "Unidade_Info": "1 Kg | 1,34 €/Kg",
        "Categorias_GTM": "Categoria Referência SFCC, Arroz, Arroz e Massa, Mercearia, Poupe Esta Semana",
        "Data_Coleta": "2025-06-01 01:28:58"
    },
    {
        "ID_Produto": "907911",
        "Categoria_Scraping": "mercearia",
        "Nome": "Arroz Vaporizado",
        "Marca": "Cigala",
        "Preco": 1.63,
        "Unidade_Info": "1 Kg | 1,63 €/Kg",
        "Categorias_GTM": "Arroz, Arroz e Massa, Mercearia, Categoria Referência SFCC",
        "Data_Coleta": "2025-06-01 01:28:58"
    },
    {
        "ID_Produto": "914811",
        "Categoria_Scraping": "mercearia",
        "Nome": "Atum ao Natural",
        "Marca": "Ramirez",
        "Preco": 1.19,
        "Unidade_Info": "0.084 Kg | 14,17 €/Kg",
        "Categorias_GTM": "Atum, Conservas, Mercearia, Promoções, Poupe Esta Semana",
        "Data_Coleta": "2025-06-01 01:28:58"
    },
    {
        "ID_Produto": "914809",
        "Categoria_Scraping": "mercearia",
        "Nome": "Atum em Óleo",
        "Marca": "Ramirez",
        "Preco": 1.14,
        "Unidade_Info": "0.078 Kg | 14,62 €/Kg",
        "Categorias_GTM": "Atum, Conservas, Mercearia, Poupe Esta Semana, Promoções",
        "Data_Coleta": "2025-06-01 01:28:58"
    },
    {
        "ID_Produto": "919300",
        "Categoria_Scraping": "mercearia",
        "Nome": "Atum Posta ao Natural",
        "Marca": "Minerva",
        "Preco": 1.69,
        "Unidade_Info": "0.084 Kg | 20,12 €/Kg",
        "Categorias_GTM": "Categoria Referência SFCC, Conservas, Mercearia, Atum",
        "Data_Coleta": "2025-06-01 01:28:58"
    },
    {
        "ID_Produto": "935935",
        "Categoria_Scraping": "mercearia",
        "Nome": "Atum Posta dos Açores em Azeite",
        "Marca": "Pingo Doce",
        "Preco": 1.29,
        "Unidade_Info": "0.085 Kg | 15,18 €/Kg",
        "Categorias_GTM": "As Nossas Marcas, Pingo Doce, Categoria Referência SFCC, Atum, Conservas",
        "Data_Coleta": "2025-06-01 01:28:58"
    },
    {
        "ID_Produto": "919301",
        "Categoria_Scraping": "mercearia",
        "Nome": "Atum Posta em Azeite",
        "Marca": "Minerva",
        "Preco": 1.67,
        "Unidade_Info": "0.078 Kg | 21,41 €/Kg",
        "Categorias_GTM": "Poupe Esta Semana, Categoria Referência SFCC, Promoções, Atum, Conservas",
        "Data_Coleta": "2025-06-01 01:28:58"
    },
    {
        "ID_Produto": "818513",
        "Categoria_Scraping": "mercearia",
        "Nome": "Atum Posta em Azeite",
        "Marca": "Bom Petisco",
        "Preco": 6.99,
        "Unidade_Info": "0.251 Kg | 27,85 €/Kg",
        "Categorias_GTM": "Categoria Referência SFCC, Atum, Conservas, Mercearia",
        "Data_Coleta": "2025-06-01 01:28:58"
    },
    {
        "ID_Produto": "874259",
        "Categoria_Scraping": "mercearia",
        "Nome": "Azeite Extra Virgem",
        "Marca": "Pingo Doce",
        "Preco": 2.19,
        "Unidade_Info": "0.25 L | 8,76 €/L",
        "Categorias_GTM": "As Nossas Marcas, Pingo Doce, Azeite, Azeite, Óleo e Vinagre, Mercearia",
        "Data_Coleta": "2025-06-01 01:29:06"
    },
    {
        "ID_Produto": "416867",
        "Categoria_Scraping": "mercearia",
        "Nome": "Azeite Subtil",
        "Marca": "Gallo",
        "Preco": 12.99,
        "Unidade_Info": "2 L | 6,5 €/L",
        "Categorias_GTM": "Azeite, Azeite, Óleo e Vinagre, Mercearia, Categoria Referência SFCC",
        "Data_Coleta": "2025-06-01 01:29:06"
    },
    {
        "ID_Produto": "710282",
        "Categoria_Scraping": "mercearia",
        "Nome": "Azeite Subtil",
        "Marca": "Gallo",
        "Preco": 3.69,
        "Unidade_Info": "0.5 L | 7,38 €/L",
        "Categorias_GTM": "Categoria Referência SFCC, Azeite, Azeite, Óleo e Vinagre, Mercearia",
        "Data_Coleta": "2025-06-01 01:29:06"
    },
    {
        "ID_Produto": "58649",
        "Categoria_Scraping": "mercearia",
        "Nome": "Azeite Virgem DOP",
        "Marca": "Moura",
        "Preco": 34.99,
        "Unidade_Info": "5 L | 7 €/L",
        "Categorias_GTM": "Azeite, Azeite, Óleo e Vinagre, Mercearia, Categoria Referência SFCC",
        "Data_Coleta": "2025-06-01 01:29:06"
    },
    {
        "ID_Produto": "653553",
        "Categoria_Scraping": "mercearia",
        "Nome": "Azeite Virgem Extra",
        "Marca": "Pingo Doce",
        "Preco": 4.69,
        "Unidade_Info": "0.75 L | 6,25 €/L",
        "Categorias_GTM": "As Nossas Marcas, Pingo Doce, Categoria Referência SFCC, Azeite, Azeite, Óleo e Vinagre",
        "Data_Coleta": "2025-06-01 01:29:06"
    },
    {
        "ID_Produto": "828333",
        "Categoria_Scraping": "mercearia",
        "Nome": "Azeite Virgem Extra",
        "Marca": "Encostas de Alqueva",
        "Preco": 20.99,
        "Unidade_Info": "2.8 L | 7,5 €/L",
        "Categorias_GTM": "Categoria Referência SFCC, Azeite, Azeite, Óleo e Vinagre, Mercearia, Poupe Este Fim De Semana",
        "Data_Coleta": "2025-06-01 01:29:06"
    },
    {
        "ID_Produto": "492563",
        "Categoria_Scraping": "mercearia",
        "Nome": "Azeite Virgem Extra DOP",
        "Marca": "Moura",
        "Preco": 6.29,
        "Unidade_Info": "0.75 L | 8,39 €/L",
        "Categorias_GTM": "Categoria Referência SFCC, Azeite, Azeite, Óleo e Vinagre, Mercearia, Poupe Este Fim De Semana",
        "Data_Coleta": "2025-06-01 01:29:06"
    },
    {
        "ID_Produto": "641126",
        "Categoria_Scraping": "mercearia",
        "Nome": "Azeite Virgem Extra Ouro",
        "Marca": "Ouro D'Elvas",
        "Preco": 5.99,
        "Unidade_Info": "0.75 L | 7,99 €/L",
        "Categorias_GTM": "N/A",
        "Data_Coleta": "2025-06-01 01:29:06"
    },
    {
        "ID_Produto": "834235",
        "Categoria_Scraping": "mercearia",
        "Nome": "Azeite Virgem Extra Spray",
        "Marca": "Oliveira da Serra",
        "Preco": 2.59,
        "Unidade_Info": "0.2 L | 12,95 €/L",
        "Categorias_GTM": "Azeite, Azeite, Óleo e Vinagre, Mercearia, Categoria Referência SFCC",
        "Data_Coleta": "2025-06-01 01:29:06"
    },
    {
        "ID_Produto": "765459",
        "Categoria_Scraping": "mercearia",
        "Nome": "Azeite Virgem Não Filtrado",
        "Marca": "Pingo Doce",
        "Preco": 3.79,
        "Unidade_Info": "0.5 L | 7,58 €/L",
        "Categorias_GTM": "As Nossas Marcas, Pingo Doce, Azeite, Azeite, Óleo e Vinagre, Mercearia",
        "Data_Coleta": "2025-06-01 01:29:06"
    },
    {
        "ID_Produto": "697574",
        "Categoria_Scraping": "mercearia",
        "Nome": "Azeite Virgem Pet",
        "Marca": "Oliveira da Serra",
        "Preco": 4.99,
        "Unidade_Info": "0.75 L | 6,65 €/L",
        "Categorias_GTM": "Categoria Referência SFCC, Azeite, Azeite, Óleo e Vinagre, Mercearia",
        "Data_Coleta": "2025-06-01 01:29:06"
    },
    {
        "ID_Produto": "700405",
        "Categoria_Scraping": "mercearia",
        "Nome": "Azeitonas Pretas em Rodelas",
        "Marca": "Pingo Doce",
        "Preco": 1.39,
        "Unidade_Info": "0.165 Kg | 8,42 €/Kg",
        "Categorias_GTM": "Categoria Referência SFCC, Azeitonas, Pickles e Tremoços, Conservas, Mercearia, As Nossas Marcas",
        "Data_Coleta": "2025-06-01 01:29:06"
    },
    {
        "ID_Produto": "700878",
        "Categoria_Scraping": "mercearia",
        "Nome": "Azeitonas Pretas Oxidadas",
        "Marca": "Pingo Doce",
        "Preco": 1.15,
        "Unidade_Info": "0.21 Kg | 5,48 €/Kg",
        "Categorias_GTM": "Categoria Referência SFCC, Azeitonas, Pickles e Tremoços, Conservas, Mercearia, As Nossas Marcas",
        "Data_Coleta": "2025-06-01 01:29:13"
    },
    {
        "ID_Produto": "701544",
        "Categoria_Scraping": "mercearia",
        "Nome": "Azeitonas Verdes Descaroçadas",
        "Marca": "Pingo Doce",
        "Preco": 1.29,
        "Unidade_Info": "0.165 Kg | 7,82 €/Kg",
        "Categorias_GTM": "As Nossas Marcas, Pingo Doce, Categoria Referência SFCC, Mercearia, Azeitonas, Pickles e Tremoços",
        "Data_Coleta": "2025-06-01 01:29:13"
    },
    {
        "ID_Produto": "701545",
        "Categoria_Scraping": "mercearia",
        "Nome": "Azeitonas Verdes Recheadas",
        "Marca": "Pingo Doce",
        "Preco": 1.39,
        "Unidade_Info": "0.2 Kg | 6,95 €/Kg",
        "Categorias_GTM": "Categoria Referência SFCC, Azeitonas, Pickles e Tremoços, Conservas, Mercearia, As Nossas Marcas",
        "Data_Coleta": "2025-06-01 01:29:13"
    },
    {
        "ID_Produto": "937369",
        "Categoria_Scraping": "mercearia",
        "Nome": "Bagels com Sementes",
        "Marca": "Bimbo",
        "Preco": 2.34,
        "Unidade_Info": "0.3 Kg | 7,8 €/Kg",
        "Categorias_GTM": "Mercearia, Pão e Bolos Embalados, Promoções, Categoria Referência SFCC, Poupe Esta Semana",
        "Data_Coleta": "2025-06-01 01:29:13"
    },
    {
        "ID_Produto": "975695",
        "Categoria_Scraping": "mercearia",
        "Nome": "Barra Linha Frutos Vermelhos",
        "Marca": "Pingo Doce",
        "Preco": 1.49,
        "Unidade_Info": "0.126 Kg | 11,83 €/Kg",
        "Categorias_GTM": "Barras de Cereais e Snacks, Cereais e Barras, Mercearia, As Nossas Marcas, Pingo Doce",
        "Data_Coleta": "2025-06-01 01:29:13"
    },
    {
        "ID_Produto": "331106",
        "Categoria_Scraping": "mercearia",
        "Nome": "Barras de Cereais Chocapics com Leite",
        "Marca": "Chocapic",
        "Preco": 2.39,
        "Unidade_Info": "0.15 Kg | 15,93 €/Kg",
        "Categorias_GTM": "Poupe Esta Semana, Promoções, Cereais e Barras, Infantis e Juvenis, Mercearia",
        "Data_Coleta": "2025-06-01 01:29:13"
    },
    {
        "ID_Produto": "975694",
        "Categoria_Scraping": "mercearia",
        "Nome": "Barras de Cereais Chocobolas",
        "Marca": "Pingo Doce",
        "Preco": 1.29,
        "Unidade_Info": "0.12 Kg | 10,75 €/Kg",
        "Categorias_GTM": "Cereais e Barras, Infantis e Juvenis, Mercearia, As Nossas Marcas, Pingo Doce",
        "Data_Coleta": "2025-06-01 01:29:13"
    },
    {
        "ID_Produto": "986428",
        "Categoria_Scraping": "mercearia",
        "Nome": "Barras de Cereais Chocolate e Amendoim",
        "Marca": "Pingo Doce",
        "Preco": 1.49,
        "Unidade_Info": "0.126 Un | 11,83 €/Un",
        "Categorias_GTM": "As Nossas Marcas, Pingo Doce, Barras de Cereais e Snacks, Cereais e Barras, Mercearia",
        "Data_Coleta": "2025-06-01 01:29:13"
    },
    {
        "ID_Produto": "416320",
        "Categoria_Scraping": "mercearia",
        "Nome": "Barras de Cereais com Morango",
        "Marca": "Fitness",
        "Preco": 2.39,
        "Unidade_Info": "0.141 Kg | 16,95 €/Kg",
        "Categorias_GTM": "Barras de Cereais e Snacks, Cereais e Barras, Mercearia, Promoções, Categoria Referência SFCC",
        "Data_Coleta": "2025-06-01 01:29:13"
    },
    {
        "ID_Produto": "331558",
        "Categoria_Scraping": "mercearia",
        "Nome": "Barras de Cereais Nesquik com Leite",
        "Marca": "Nesquik",
        "Preco": 2.39,
        "Unidade_Info": "0.15 Kg | 15,93 €/Kg",
        "Categorias_GTM": "Poupe Esta Semana, Promoções, Categoria Referência SFCC, Cereais e Barras, Infantis e Juvenis",
        "Data_Coleta": "2025-06-01 01:29:13"
    },
    {
        "ID_Produto": "967222",
        "Categoria_Scraping": "mercearia",
        "Nome": "Barras de Cereais Proteína e Cacau",
        "Marca": "Fitness",
        "Preco": 1.79,
        "Unidade_Info": "0.08 Kg | 22,38 €/Kg",
        "Categorias_GTM": "Barras de Cereais e Snacks, Cereais e Barras, Mercearia, Promoções, Poupe Esta Semana",
        "Data_Coleta": "2025-06-01 01:29:13"
    },
    {
        "ID_Produto": "856767",
        "Categoria_Scraping": "mercearia",
        "Nome": "Batatas Fritas Doce",
        "Marca": "Pingo Doce",
        "Preco": 1.75,
        "Unidade_Info": "0.15 Kg | 11,67 €/Kg",
        "Categorias_GTM": "As Nossas Marcas, Pingo Doce, Aperitivos e Snacks, Mercearia, Snacks Salgados",
        "Data_Coleta": "2025-06-01 01:29:13"
    },
    {
        "ID_Produto": "742270",
        "Categoria_Scraping": "mercearia",
        "Nome": "Batatas Fritas Forno Lisas Original",
        "Marca": "Lay's",
        "Preco": 1.99,
        "Unidade_Info": "0.15 Un | 13,27 €/Un",
        "Categorias_GTM": "N/A",
        "Data_Coleta": "2025-06-01 01:29:21"
    },
    {
        "ID_Produto": "980599",
        "Categoria_Scraping": "mercearia",
        "Nome": "Batatas Fritas Gourmet Corte Ondulado",
        "Marca": "Lay's",
        "Preco": 2.69,
        "Unidade_Info": "0.15 Kg | 17,93 €/Kg",
        "Categorias_GTM": "N/A",
        "Data_Coleta": "2025-06-01 01:29:21"
    },
    {
        "ID_Produto": "924064",
        "Categoria_Scraping": "mercearia",
        "Nome": "Batatas Fritas Lisa Original",
        "Marca": "Lay's",
        "Preco": 1.59,
        "Unidade_Info": "0.16 Kg | 9,94 €/Kg",
        "Categorias_GTM": "N/A",
        "Data_Coleta": "2025-06-01 01:29:21"
    },
    {
        "ID_Produto": "493314",
        "Categoria_Scraping": "mercearia",
        "Nome": "Batatas Fritas Lisa Receita Rústica",
        "Marca": "Pingo Doce",
        "Preco": 1.09,
        "Unidade_Info": "0.15 Kg | 7,27 €/Kg",
        "Categorias_GTM": "Categoria Referência SFCC, As Nossas Marcas, Pingo Doce, Batatas Fritas, Mercearia",
        "Data_Coleta": "2025-06-01 01:29:21"
    },
    {
        "ID_Produto": "698468",
        "Categoria_Scraping": "mercearia",
        "Nome": "Batatas Fritas Lisas Forno Camponesas",
        "Marca": "Lay's",
        "Preco": 1.99,
        "Unidade_Info": "0.13 Kg | 15,31 €/Kg",
        "Categorias_GTM": "N/A",
        "Data_Coleta": "2025-06-01 01:29:21"
    },
    {
        "ID_Produto": "803885",
        "Categoria_Scraping": "mercearia",
        "Nome": "Batatas Fritas Ondulada Ketchup",
        "Marca": "Pingo Doce",
        "Preco": 1.29,
        "Unidade_Info": "0.17 Kg | 7,59 €/Kg",
        "Categorias_GTM": "As Nossas Marcas, Pingo Doce, Categoria Referência SFCC, Sabores, Batatas Fritas",
        "Data_Coleta": "2025-06-01 01:29:21"
    },
    {
        "ID_Produto": "939252",
        "Categoria_Scraping": "mercearia",
        "Nome": "Batatas Fritas Ondulada Sabor a Presunto",
        "Marca": "Ruffles",
        "Preco": 1.59,
        "Unidade_Info": "0.15 Kg | 10,6 €/Kg",
        "Categorias_GTM": "Sabores, Batatas Fritas, Mercearia, Categoria Referência SFCC",
        "Data_Coleta": "2025-06-01 01:29:21"
    },
    {
        "ID_Produto": "652946",
        "Categoria_Scraping": "mercearia",
        "Nome": "Batatas Fritas Ondulada Sabor a Presunto",
        "Marca": "Pingo Doce",
        "Preco": 1.24,
        "Unidade_Info": "0.185 Kg | 6,7 €/Kg",
        "Categorias_GTM": "As Nossas Marcas, Pingo Doce, Categoria Referência SFCC, Sabores, Batatas Fritas",
        "Data_Coleta": "2025-06-01 01:29:21"
    },
    {
        "ID_Produto": "928824",
        "Categoria_Scraping": "mercearia",
        "Nome": "Batatas Fritas Onduladas Pack 4",
        "Marca": "Pingo Doce",
        "Preco": 1.74,
        "Unidade_Info": "4 x0.045 Kg | 9,67 €/Kg",
        "Categorias_GTM": "Batatas Fritas, Mercearia, Originais e Light, As Nossas Marcas, Pingo Doce",
        "Data_Coleta": "2025-06-01 01:29:21"
    },
    {
        "ID_Produto": "611268",
        "Categoria_Scraping": "mercearia",
        "Nome": "Batatas Fritas Palha",
        "Marca": "Jerónimo Valente",
        "Preco": 1.79,
        "Unidade_Info": "0.2 Kg | 8,95 €/Kg",
        "Categorias_GTM": "Categoria Referência SFCC, Batatas Fritas, Mercearia, Originais e Light",
        "Data_Coleta": "2025-06-01 01:29:21"
    },
    {
        "ID_Produto": "878452",
        "Categoria_Scraping": "mercearia",
        "Nome": "Batatas Fritas Pingo Doce Mel e Mostarda",
        "Marca": "Pingo Doce",
        "Preco": 1.49,
        "Unidade_Info": "0.15 Kg | 9,93 €/Kg",
        "Categorias_GTM": "Sabores, Batatas Fritas, Mercearia, As Nossas Marcas, Pingo Doce",
        "Data_Coleta": "2025-06-01 01:29:21"
    },
    {
        "ID_Produto": "974032",
        "Categoria_Scraping": "mercearia",
        "Nome": "Bebida de Cereais Solúvel",
        "Marca": "Tofina",
        "Preco": 2.89,
        "Unidade_Info": "0.2 Kg | 14,45 €/Kg",
        "Categorias_GTM": "Mercearia, Bebidas de Cereais, Café, Chá e Bebidas Quentes, Categoria Referência SFCC, Poupe Este Fim De Semana",
        "Data_Coleta": "2025-06-01 01:29:21"
    },
    {
        "ID_Produto": "974730",
        "Categoria_Scraping": "mercearia",
        "Nome": "Bebida de Cereais Solúvel",
        "Marca": "Mokambo",
        "Preco": 5.99,
        "Unidade_Info": "0.2 Kg | 29,95 €/Kg",
        "Categorias_GTM": "Bebidas de Cereais, Café, Chá e Bebidas Quentes, Mercearia, Categoria Referência SFCC",
        "Data_Coleta": "2025-06-01 01:29:28"
    },
    {
        "ID_Produto": "792262",
        "Categoria_Scraping": "mercearia",
        "Nome": "Bolacha Caramelizada",
        "Marca": "Lotus",
        "Preco": 2.89,
        "Unidade_Info": "0.25 Kg | 11,56 €/Kg",
        "Categorias_GTM": "Categoria Referência SFCC, Bolachas, Maria, Manteiga e Clássicas, Mercearia",
        "Data_Coleta": "2025-06-01 01:29:28"
    },
    {
        "ID_Produto": "762571",
        "Categoria_Scraping": "mercearia",
        "Nome": "Bolachas Alfa",
        "Marca": "Nacional",
        "Preco": 1.45,
        "Unidade_Info": "0.18 Kg | 8,06 €/Kg",
        "Categorias_GTM": "Categoria Referência SFCC, Bolachas, Maria, Manteiga e Clássicas, Mercearia",
        "Data_Coleta": "2025-06-01 01:29:28"
    },
    {
        "ID_Produto": "833703",
        "Categoria_Scraping": "mercearia",
        "Nome": "Bolachas Belgas com Cobertura de Chocolate",
        "Marca": "Saborosa",
        "Preco": 2.09,
        "Unidade_Info": "0.198 Kg | 10,56 €/Kg",
        "Categorias_GTM": "Categoria Referência SFCC, Bolachas, Maria, Manteiga e Clássicas, Mercearia",
        "Data_Coleta": "2025-06-01 01:29:28"
    },
    {
        "ID_Produto": "923122",
        "Categoria_Scraping": "mercearia",
        "Nome": "Bolachas Belgas Mini Bites Original",
        "Marca": "Saborosa",
        "Preco": 1.99,
        "Unidade_Info": "0.15 Kg | 13,27 €/Kg",
        "Categorias_GTM": "Categoria Referência SFCC, Bolachas, Infantis, Mercearia",
        "Data_Coleta": "2025-06-01 01:29:28"
    },
    {
        "ID_Produto": "398922",
        "Categoria_Scraping": "mercearia",
        "Nome": "Bolachas Chip Choco Diet Nature",
        "Marca": "Gullón",
        "Preco": 3.39,
        "Unidade_Info": "0.125 Kg | 27,12 €/Kg",
        "Categorias_GTM": "Bolachas, Integrais e Fibra, Mercearia, Categoria Referência SFCC",
        "Data_Coleta": "2025-06-01 01:29:28"
    },
    {
        "ID_Produto": "902711",
        "Categoria_Scraping": "mercearia",
        "Nome": "Bolachas Chocoguay Tosta Rica",
        "Marca": "Cuétara",
        "Preco": 2.29,
        "Unidade_Info": "0.168 Kg | 13,63 €/Kg",
        "Categorias_GTM": "Categoria Referência SFCC, Bolachas, Mercearia, Pepitas, Cobertas e Recheadas",
        "Data_Coleta": "2025-06-01 01:29:28"
    },
    {
        "ID_Produto": "659337",
        "Categoria_Scraping": "mercearia",
        "Nome": "Bolachas Cobertas com Chocolate e Recheio de Framboesa",
        "Marca": "Pingo Doce",
        "Preco": 2.19,
        "Unidade_Info": "0.3 Kg | 7,3 €/Kg",
        "Categorias_GTM": "Categoria Referência SFCC, As Nossas Marcas, Pingo Doce, Bolachas, Mercearia",
        "Data_Coleta": "2025-06-01 01:29:28"
    },
    {
        "ID_Produto": "962135",
        "Categoria_Scraping": "mercearia",
        "Nome": "Bolachas Cobertura Chocolate de Leite",
        "Marca": "Pingo Doce",
        "Preco": 1.09,
        "Unidade_Info": "0.128 Kg | 8,52 €/Kg",
        "Categorias_GTM": "As Nossas Marcas, Pingo Doce, Bolachas, Mercearia, Pepitas, Cobertas e Recheadas",
        "Data_Coleta": "2025-06-01 01:29:28"
    },
    {
        "ID_Produto": "701840",
        "Categoria_Scraping": "mercearia",
        "Nome": "Bolachas com Cereais Mini Dinosaurus",
        "Marca": "Artiach",
        "Preco": 1.99,
        "Unidade_Info": "0.12 Kg | 16,58 €/Kg",
        "Categorias_GTM": "Categoria Referência SFCC, Bolachas, Infantis, Mercearia",
        "Data_Coleta": "2025-06-01 01:29:28"
    },
    {
        "ID_Produto": "701839",
        "Categoria_Scraping": "mercearia",
        "Nome": "Bolachas com Chocolate Mini Dinosaurus",
        "Marca": "Artiach",
        "Preco": 1.99,
        "Unidade_Info": "0.12 Kg | 16,58 €/Kg",
        "Categorias_GTM": "Categoria Referência SFCC, Bolachas, Infantis, Mercearia",
        "Data_Coleta": "2025-06-01 01:29:28"
    },
    {
        "ID_Produto": "765391",
        "Categoria_Scraping": "mercearia",
        "Nome": "Bolachas com Pepitas de Chocolate",
        "Marca": "Pingo Doce",
        "Preco": 1.79,
        "Unidade_Info": "0.225 Kg | 7,96 €/Kg",
        "Categorias_GTM": "Bolachas, Mercearia, Pepitas, Cobertas e Recheadas, As Nossas Marcas, Pingo Doce",
        "Data_Coleta": "2025-06-01 01:29:28"
    },
    {
        "ID_Produto": "920451",
        "Categoria_Scraping": "mercearia",
        "Nome": "Bolachas com Recheio de Chocolate",
        "Marca": "Pingo Doce",
        "Preco": 1.99,
        "Unidade_Info": "0.5 Kg | 3,98 €/Kg",
        "Categorias_GTM": "As Nossas Marcas, Pingo Doce, Categoria Referência SFCC, Bolachas, Mercearia",
        "Data_Coleta": "2025-06-01 01:29:37"
    },
    {
        "ID_Produto": "855364",
        "Categoria_Scraping": "mercearia",
        "Nome": "Bolachas Cookies & Cream",
        "Marca": "Pingo Doce",
        "Preco": 0.89,
        "Unidade_Info": "0.154 Kg | 5,78 €/Kg",
        "Categorias_GTM": "Mercearia, Pepitas, Cobertas e Recheadas, Bolachas, As Nossas Marcas, Pingo Doce",
        "Data_Coleta": "2025-06-01 01:29:37"
    },
    {
        "ID_Produto": "723221",
        "Categoria_Scraping": "mercearia",
        "Nome": "Bolachas Cracker Original",
        "Marca": "Tuc",
        "Preco": 3.09,
        "Unidade_Info": "0.25 Kg | 12,36 €/Kg",
        "Categorias_GTM": "Categoria Referência SFCC, Bolachas, Mercearia, Salgadas",
        "Data_Coleta": "2025-06-01 01:29:37"
    },
    {
        "ID_Produto": "692922",
        "Categoria_Scraping": "mercearia",
        "Nome": "Bolachas Cracker sem Sal na Superfície",
        "Marca": "Pingo Doce",
        "Preco": 1.69,
        "Unidade_Info": "0.5 Kg | 3,38 €/Kg",
        "Categorias_GTM": "Categoria Referência SFCC, As Nossas Marcas, Pingo Doce, Bolachas, Mercearia",
        "Data_Coleta": "2025-06-01 01:29:37"
    },
    {
        "ID_Produto": "920576",
        "Categoria_Scraping": "mercearia",
        "Nome": "Bolachas Cracker sem Sal na Superfície",
        "Marca": "Gran Pavesi",
        "Preco": 2.99,
        "Unidade_Info": "0.56 Kg | 5,34 €/Kg",
        "Categorias_GTM": "Categoria Referência SFCC, Bolachas, Mercearia, Salgadas, Poupe Este Fim De Semana",
        "Data_Coleta": "2025-06-01 01:29:37"
    },
    {
        "ID_Produto": "747152",
        "Categoria_Scraping": "mercearia",
        "Nome": "Bolachas Crackers Folha Original",
        "Marca": "Gran Pavesi",
        "Preco": 3.49,
        "Unidade_Info": "0.19 Kg | 18,37 €/Kg",
        "Categorias_GTM": "Categoria Referência SFCC, Aperitivos e Snacks, Mercearia, Tostas, Gressinos e Croutons",
        "Data_Coleta": "2025-06-01 01:29:37"
    },
    {
        "ID_Produto": "705590",
        "Categoria_Scraping": "mercearia",
        "Nome": "Bolachas Crackers Integral",
        "Marca": "Pingo Doce",
        "Preco": 1.69,
        "Unidade_Info": "0.5 Kg | 3,38 €/Kg",
        "Categorias_GTM": "As Nossas Marcas, Pingo Doce, Categoria Referência SFCC, Bolachas, Integrais e Fibra",
        "Data_Coleta": "2025-06-01 01:29:37"
    },
    {
        "ID_Produto": "663798",
        "Categoria_Scraping": "mercearia",
        "Nome": "Bolachas Cream Cracker com Sal na Superfície",
        "Marca": "Pingo Doce",
        "Preco": 0.65,
        "Unidade_Info": "0.2 Kg | 3,25 €/Kg",
        "Categorias_GTM": "As Nossas Marcas, Pingo Doce, Categoria Referência SFCC, Bolachas, Mercearia",
        "Data_Coleta": "2025-06-01 01:29:37"
    },
    {
        "ID_Produto": "926002",
        "Categoria_Scraping": "mercearia",
        "Nome": "Bolachas da Selva",
        "Marca": "Pingo Doce",
        "Preco": 1.69,
        "Unidade_Info": "0.33 Kg | 5,12 €/Kg",
        "Categorias_GTM": "Bolachas, Infantis, Mercearia, As Nossas Marcas, Pingo Doce",
        "Data_Coleta": "2025-06-01 01:29:37"
    },
    {
        "ID_Produto": "803488",
        "Categoria_Scraping": "mercearia",
        "Nome": "Bolachas de Água e Sal",
        "Marca": "Pingo Doce",
        "Preco": 0.45,
        "Unidade_Info": "0.125 Kg | 3,6 €/Kg",
        "Categorias_GTM": "As Nossas Marcas, Pingo Doce, Categoria Referência SFCC, Bolachas, Mercearia",
        "Data_Coleta": "2025-06-01 01:29:37"
    },
    {
        "ID_Produto": "922360",
        "Categoria_Scraping": "mercearia",
        "Nome": "Bolachas de Água e Sal Doses",
        "Marca": "Vieira de Castro",
        "Preco": 2.88,
        "Unidade_Info": "0.168 Kg | 17,14 €/Kg",
        "Categorias_GTM": "Categoria Referência SFCC, Bolachas, Mercearia, Salgadas",
        "Data_Coleta": "2025-06-01 01:29:37"
    },
    {
        "ID_Produto": "637633",
        "Categoria_Scraping": "mercearia",
        "Nome": "Bolachas de Aveia",
        "Marca": "Pingo Doce",
        "Preco": 1.09,
        "Unidade_Info": "0.3 Kg | 3,63 €/Kg",
        "Categorias_GTM": "As Nossas Marcas, Pingo Doce, Categoria Referência SFCC, Bolachas, Maria, Manteiga e Clássicas",
        "Data_Coleta": "2025-06-01 01:29:37"
    },
    {
        "ID_Produto": "645794",
        "Categoria_Scraping": "mercearia",
        "Nome": "Bolachas de Canela",
        "Marca": "Pingo Doce",
        "Preco": 1.49,
        "Unidade_Info": "0.47 Kg | 3,17 €/Kg",
        "Categorias_GTM": "As Nossas Marcas, Pingo Doce, Categoria Referência SFCC, Bolachas, Maria, Manteiga e Clássicas",
        "Data_Coleta": "2025-06-01 01:29:44"
    },
    {
        "ID_Produto": "889333",
        "Categoria_Scraping": "mercearia",
        "Nome": "Bolachas de Cereais Animais",
        "Marca": "Pingo Doce",
        "Preco": 1.39,
        "Unidade_Info": "0.4 Kg | 3,47 €/Kg",
        "Categorias_GTM": "As Nossas Marcas, Pingo Doce, Categoria Referência SFCC, Bolachas, Mercearia",
        "Data_Coleta": "2025-06-01 01:29:44"
    },
    {
        "ID_Produto": "745658",
        "Categoria_Scraping": "mercearia",
        "Nome": "Bolachas de Chocolate com Recheio de Creme",
        "Marca": "Oreo",
        "Preco": 2.65,
        "Unidade_Info": "0.22 Kg | 12,05 €/Kg",
        "Categorias_GTM": "Bolachas, Mercearia, Pepitas, Cobertas e Recheadas, Categoria Referência SFCC",
        "Data_Coleta": "2025-06-01 01:29:44"
    },
    {
        "ID_Produto": "969807",
        "Categoria_Scraping": "mercearia",
        "Nome": "Bolachas de Chocolate e Cereais",
        "Marca": "Belvita",
        "Preco": 2.79,
        "Unidade_Info": "0.225 Kg | 12,4 €/Kg",
        "Categorias_GTM": "Bolachas, Integrais e Fibra, Mercearia, Categoria Referência SFCC",
        "Data_Coleta": "2025-06-01 01:29:44"
    },
    {
        "ID_Produto": "874242",
        "Categoria_Scraping": "mercearia",
        "Nome": "Bolachas de Manteiga Butter Cookies",
        "Marca": "Pingo Doce",
        "Preco": 3.89,
        "Unidade_Info": "0.454 Kg | 8,57 €/Kg",
        "Categorias_GTM": "As Nossas Marcas, Pingo Doce, Categoria Referência SFCC, Bolachas, Maria, Manteiga e Clássicas",
        "Data_Coleta": "2025-06-01 01:29:44"
    },
    {
        "ID_Produto": "629663",
        "Categoria_Scraping": "mercearia",
        "Nome": "Bolachas de Manteiga com Cereais Dinosaurus",
        "Marca": "Artiach",
        "Preco": 2.29,
        "Unidade_Info": "0.185 Kg | 12,38 €/Kg",
        "Categorias_GTM": "Categoria Referência SFCC, Bolachas, Maria, Manteiga e Clássicas, Mercearia",
        "Data_Coleta": "2025-06-01 01:29:44"
    },
    {
        "ID_Produto": "755303",
        "Categoria_Scraping": "mercearia",
        "Nome": "Bolachas de Manteiga Shortcake",
        "Marca": "Pingo Doce",
        "Preco": 1.09,
        "Unidade_Info": "0.185 Kg | 5,89 €/Kg",
        "Categorias_GTM": "As Nossas Marcas, Pingo Doce, Categoria Referência SFCC, Bolachas, Maria, Manteiga e Clássicas",
        "Data_Coleta": "2025-06-01 01:29:44"
    },
    {
        "ID_Produto": "814332",
        "Categoria_Scraping": "mercearia",
        "Nome": "Bolachas de Manteiga Shortcake de Cacau",
        "Marca": "Pingo Doce",
        "Preco": 1.19,
        "Unidade_Info": "0.185 Kg | 6,43 €/Kg",
        "Categorias_GTM": "As Nossas Marcas, Pingo Doce, Categoria Referência SFCC, Bolachas, Maria, Manteiga e Clássicas",
        "Data_Coleta": "2025-06-01 01:29:44"
    },
    {
        "ID_Produto": "765471",
        "Categoria_Scraping": "mercearia",
        "Nome": "Bolachas Digestivas",
        "Marca": "Pingo Doce",
        "Preco": 0.99,
        "Unidade_Info": "0.4 Kg | 2,47 €/Kg",
        "Categorias_GTM": "Categoria Referência SFCC, Bolachas, Integrais e Fibra, Mercearia, As Nossas Marcas",
        "Data_Coleta": "2025-06-01 01:29:44"
    },
    {
        "ID_Produto": "813288",
        "Categoria_Scraping": "mercearia",
        "Nome": "Bolachas Digestivas Cobertas de Chocolate de Leite",
        "Marca": "Pingo Doce",
        "Preco": 1.89,
        "Unidade_Info": "0.3 Kg | 6,3 €/Kg",
        "Categorias_GTM": "As Nossas Marcas, Pingo Doce, Categoria Referência SFCC, Mercearia, Bolachas",
        "Data_Coleta": "2025-06-01 01:29:44"
    },
    {
        "ID_Produto": "869881",
        "Categoria_Scraping": "mercearia",
        "Nome": "Bolachas Digestivas de Aveia",
        "Marca": "Pingo Doce",
        "Preco": 1.39,
        "Unidade_Info": "0.425 Kg | 3,27 €/Kg",
        "Categorias_GTM": "Bolachas, Integrais e Fibra, Mercearia, As Nossas Marcas, Pingo Doce",
        "Data_Coleta": "2025-06-01 01:29:44"
    },
    {
        "ID_Produto": "44524",
        "Categoria_Scraping": "mercearia",
        "Nome": "Bolachas Digestivas em Doses",
        "Marca": "Vieira de Castro",
        "Preco": 2.49,
        "Unidade_Info": "0.258 Kg | 9,65 €/Kg",
        "Categorias_GTM": "Categoria Referência SFCC, Bolachas, Integrais e Fibra, Mercearia",
        "Data_Coleta": "2025-06-01 01:29:44"
    },
    {
        "ID_Produto": "961933",
        "Categoria_Scraping": "mercearia",
        "Nome": "Bolachas Dinossauros Chocolate",
        "Marca": "Artiach",
        "Preco": 3.39,
        "Unidade_Info": "0.255 Kg | 13,29 €/Kg",
        "Categorias_GTM": "Bolachas, Mercearia, Pepitas, Cobertas e Recheadas, Categoria Referência SFCC",
        "Data_Coleta": "2025-06-01 01:29:53"
    },
    {
        "ID_Produto": "773757",
        "Categoria_Scraping": "mercearia",
        "Nome": "Bolachas Dinossaurus Ovos",
        "Marca": "Artiach",
        "Preco": 2.29,
        "Unidade_Info": "0.14 Un | 16,36 €/Un",
        "Categorias_GTM": "Categoria Referência SFCC, Bolachas, Mercearia, Pepitas, Cobertas e Recheadas",
        "Data_Coleta": "2025-06-01 01:29:53"
    },
    {
        "ID_Produto": "803456",
        "Categoria_Scraping": "mercearia",
        "Nome": "Bolachas Douradas Diet Nature sem Açúcar",
        "Marca": "Gullón",
        "Preco": 3.39,
        "Unidade_Info": "0.33 Kg | 10,27 €/Kg",
        "Categorias_GTM": "Bolachas, Mercearia, Integrais e Fibra, Categoria Referência SFCC",
        "Data_Coleta": "2025-06-01 01:29:53"
    },
    {
        "ID_Produto": "965134",
        "Categoria_Scraping": "mercearia",
        "Nome": "Bolachas Fruit & Form de Frutos do Bosque",
        "Marca": "McVitie's",
        "Preco": 2.99,
        "Unidade_Info": "0.218 Kg | 13,72 €/Kg",
        "Categorias_GTM": "N/A",
        "Data_Coleta": "2025-06-01 01:29:53"
    },
    {
        "ID_Produto": "925614",
        "Categoria_Scraping": "mercearia",
        "Nome": "Bolachas Integrais",
        "Marca": "Pingo Doce",
        "Preco": 1.19,
        "Unidade_Info": "0.2 Kg | 5,95 €/Kg",
        "Categorias_GTM": "Bolachas, Integrais e Fibra, Mercearia, As Nossas Marcas, Pingo Doce",
        "Data_Coleta": "2025-06-01 01:29:53"
    },
    {
        "ID_Produto": "857928",
        "Categoria_Scraping": "mercearia",
        "Nome": "Bolachas Joaninhas",
        "Marca": "Pingo Doce",
        "Preco": 1.59,
        "Unidade_Info": "0.15 Kg | 10,6 €/Kg",
        "Categorias_GTM": "Bolachas, Mercearia, Pepitas, Cobertas e Recheadas, As Nossas Marcas, Pingo Doce",
        "Data_Coleta": "2025-06-01 01:29:53"
    },
    {
        "ID_Produto": "12955",
        "Categoria_Scraping": "mercearia",
        "Nome": "Bolachas Maria",
        "Marca": "Cuétara",
        "Preco": 2.44,
        "Unidade_Info": "0.8 Kg | 3,05 €/Kg",
        "Categorias_GTM": "Bolachas, Maria, Manteiga e Clássicas, Mercearia, Categoria Referência SFCC, Poupe Esta Semana",
        "Data_Coleta": "2025-06-01 01:29:53"
    },
    {
        "ID_Produto": "852649",
        "Categoria_Scraping": "mercearia",
        "Nome": "Bolachas Matinais de Aveia",
        "Marca": "Pingo Doce",
        "Preco": 1.99,
        "Unidade_Info": "0.3 Kg | 6,63 €/Kg",
        "Categorias_GTM": "Categoria Referência SFCC, Bolachas, Integrais e Fibra, Mercearia, As Nossas Marcas",
        "Data_Coleta": "2025-06-01 01:29:53"
    },
    {
        "ID_Produto": "882553",
        "Categoria_Scraping": "mercearia",
        "Nome": "Bolachas Matinais de Cereais Integrais 0% Açúcar",
        "Marca": "Pingo Doce",
        "Preco": 1.99,
        "Unidade_Info": "0.3 Kg | 6,63 €/Kg",
        "Categorias_GTM": "As Nossas Marcas, Pingo Doce, Bolachas, Integrais e Fibra, Mercearia",
        "Data_Coleta": "2025-06-01 01:29:53"
    },
    {
        "ID_Produto": "852647",
        "Categoria_Scraping": "mercearia",
        "Nome": "Bolachas Matinais de Leite e Cereais",
        "Marca": "Pingo Doce",
        "Preco": 1.99,
        "Unidade_Info": "0.3 Kg | 6,63 €/Kg",
        "Categorias_GTM": "As Nossas Marcas, Pingo Doce, Categoria Referência SFCC, Bolachas, Integrais e Fibra",
        "Data_Coleta": "2025-06-01 01:29:53"
    },
    {
        "ID_Produto": "745615",
        "Categoria_Scraping": "mercearia",
        "Nome": "Bolachas Mini Cookies Zero Açúcar",
        "Marca": "Artiach",
        "Preco": 2.49,
        "Unidade_Info": "0.12 Kg | 20,75 €/Kg",
        "Categorias_GTM": "Categoria Referência SFCC, Bolachas, Integrais e Fibra, Mercearia",
        "Data_Coleta": "2025-06-01 01:29:53"
    },
    {
        "ID_Produto": "533453",
        "Categoria_Scraping": "mercearia",
        "Nome": "Bolachas Petit Biscuit com Chocolate de Leite",
        "Marca": "Pingo Doce",
        "Preco": 1.99,
        "Unidade_Info": "0.15 Kg | 13,27 €/Kg",
        "Categorias_GTM": "Categoria Referência SFCC, Bolachas, Mercearia, Pepitas, Cobertas e Recheadas, As Nossas Marcas",
        "Data_Coleta": "2025-06-01 01:29:53"
    },
    {
        "ID_Produto": "690924",
        "Categoria_Scraping": "mercearia",
        "Nome": "Bolachas Petit Biscuit com Chocolate Negro",
        "Marca": "Pingo Doce",
        "Preco": 1.99,
        "Unidade_Info": "0.15 Kg | 13,27 €/Kg",
        "Categorias_GTM": "Categoria Referência SFCC, As Nossas Marcas, Pingo Doce, Bolachas, Mercearia",
        "Data_Coleta": "2025-06-01 01:30:01"
    },
    {
        "ID_Produto": "911018",
        "Categoria_Scraping": "mercearia",
        "Nome": "Bolachas Recheadas Cacau Tuestis",
        "Marca": "Gullón",
        "Preco": 1.29,
        "Unidade_Info": "0.22 Kg | 5,86 €/Kg",
        "Categorias_GTM": "Bolachas, Mercearia, Pepitas, Cobertas e Recheadas, Categoria Referência SFCC, Poupe Esta Semana",
        "Data_Coleta": "2025-06-01 01:30:01"
    },
    {
        "ID_Produto": "880677",
        "Categoria_Scraping": "mercearia",
        "Nome": "Bolachas Recheadas Chocolate Mini",
        "Marca": "Prince",
        "Preco": 2.49,
        "Unidade_Info": "0.16 Kg | 15,56 €/Kg",
        "Categorias_GTM": "Bolachas, Infantis, Mercearia, Categoria Referência SFCC",
        "Data_Coleta": "2025-06-01 01:30:01"
    },
    {
        "ID_Produto": "972881",
        "Categoria_Scraping": "mercearia",
        "Nome": "Bolachas Recheadas com Chocolate de Leite",
        "Marca": "Pingo Doce",
        "Preco": 1.69,
        "Unidade_Info": "0.168 Kg | 10,06 €/Kg",
        "Categorias_GTM": "As Nossas Marcas, Pingo Doce, Bolachas, Mercearia, Pepitas, Cobertas e Recheadas",
        "Data_Coleta": "2025-06-01 01:30:01"
    },
    {
        "ID_Produto": "928200",
        "Categoria_Scraping": "mercearia",
        "Nome": "Bolachas Recheadas com Chocolate e Avelãs",
        "Marca": "Nutella",
        "Preco": 3.69,
        "Unidade_Info": "0.304 Kg | 12,14 €/Kg",
        "Categorias_GTM": "Bolachas, Mercearia, Pepitas, Cobertas e Recheadas, Poupe Esta Semana, Promoções",
        "Data_Coleta": "2025-06-01 01:30:01"
    },
    {
        "ID_Produto": "597559",
        "Categoria_Scraping": "mercearia",
        "Nome": "Bolachas Recheadas Mini Originais",
        "Marca": "Oreo",
        "Preco": 2.49,
        "Unidade_Info": "0.16 Kg | 15,56 €/Kg",
        "Categorias_GTM": "Categoria Referência SFCC, Bolachas, Infantis, Mercearia",
        "Data_Coleta": "2025-06-01 01:30:01"
    },
    {
        "ID_Produto": "619802",
        "Categoria_Scraping": "mercearia",
        "Nome": "Bolachas Recheadas Original",
        "Marca": "Oreo",
        "Preco": 1.99,
        "Unidade_Info": "0.154 Kg | 12,92 €/Kg",
        "Categorias_GTM": "Categoria Referência SFCC, Bolachas, Mercearia, Pepitas, Cobertas e Recheadas",
        "Data_Coleta": "2025-06-01 01:30:01"
    },
    {
        "ID_Produto": "673347",
        "Categoria_Scraping": "mercearia",
        "Nome": "Bolachas Torradas",
        "Marca": "Pingo Doce",
        "Preco": 1.79,
        "Unidade_Info": "0.8 Kg | 2,24 €/Kg",
        "Categorias_GTM": "Categoria Referência SFCC, As Nossas Marcas, Pingo Doce, Bolachas, Maria, Manteiga e Clássicas",
        "Data_Coleta": "2025-06-01 01:30:01"
    },
    {
        "ID_Produto": "646605",
        "Categoria_Scraping": "mercearia",
        "Nome": "Bolachas Tosta Rica Mini Go",
        "Marca": "Cuétara",
        "Preco": 2.79,
        "Unidade_Info": "0.24 Kg | 11,63 €/Kg",
        "Categorias_GTM": "Categoria Referência SFCC, Bolachas, Maria, Manteiga e Clássicas, Mercearia",
        "Data_Coleta": "2025-06-01 01:30:01"
    },
    {
        "ID_Produto": "777047",
        "Categoria_Scraping": "mercearia",
        "Nome": "Bolachas Wafers Baunilha",
        "Marca": "Pingo Doce",
        "Preco": 1.39,
        "Unidade_Info": "0.25 Kg | 5,56 €/Kg",
        "Categorias_GTM": "As Nossas Marcas, Pingo Doce, Categoria Referência SFCC, Bolachas, Mercearia",
        "Data_Coleta": "2025-06-01 01:30:01"
    },
    {
        "ID_Produto": "777046",
        "Categoria_Scraping": "mercearia",
        "Nome": "Bolachas Wafers Chocolate",
        "Marca": "Pingo Doce",
        "Preco": 1.39,
        "Unidade_Info": "0.25 Kg | 5,56 €/Kg",
        "Categorias_GTM": "Categoria Referência SFCC, As Nossas Marcas, Pingo Doce, Bolachas, Mercearia",
        "Data_Coleta": "2025-06-01 01:30:01"
    },
    {
        "ID_Produto": "757728",
        "Categoria_Scraping": "mercearia",
        "Nome": "Bolachas Wafers com Recheio Avelã",
        "Marca": "Balconi",
        "Preco": 3.19,
        "Unidade_Info": "0.225 Kg | 14,18 €/Kg",
        "Categorias_GTM": "Categoria Referência SFCC, Bolachas, Mercearia, Wafers",
        "Data_Coleta": "2025-06-01 01:30:01"
    },
    {
        "ID_Produto": "493349",
        "Categoria_Scraping": "mercearia",
        "Nome": "Bolo de Leite",
        "Marca": "Manhãzitos",
        "Preco": 2.99,
        "Unidade_Info": "0.175 Kg | 17,09 €/Kg",
        "Categorias_GTM": "Categoria Referência SFCC, Bolos e Tortas, Mercearia, Pão e Bolos Embalados",
        "Data_Coleta": "2025-06-01 01:30:10"
    },
    {
        "ID_Produto": "387209",
        "Categoria_Scraping": "mercearia",
        "Nome": "Bolo Donuts",
        "Marca": "Donuts",
        "Preco": 2.89,
        "Unidade_Info": "0.288 Kg | 10,03 €/Kg",
        "Categorias_GTM": "Bolos e Tortas, Pão e Bolos Embalados, Mercearia, Categoria Referência SFCC, Poupe Este Fim De Semana",
        "Data_Coleta": "2025-06-01 01:30:10"
    },
    {
        "ID_Produto": "671850",
        "Categoria_Scraping": "mercearia",
        "Nome": "Bolo Glacé Bombón",
        "Marca": "Donuts",
        "Preco": 2.19,
        "Unidade_Info": "0.188 Kg | 11,65 €/Kg",
        "Categorias_GTM": "Categoria Referência SFCC, Bolos e Tortas, Mercearia, Pão e Bolos Embalados, Poupe Esta Semana",
        "Data_Coleta": "2025-06-01 01:30:10"
    },
    {
        "ID_Produto": "726360",
        "Categoria_Scraping": "mercearia",
        "Nome": "Bolo Snack Cake & Choc",
        "Marca": "Milka",
        "Preco": 2.39,
        "Unidade_Info": "0.175 Kg | 13,66 €/Kg",
        "Categorias_GTM": "Categoria Referência SFCC, Bolos e Tortas, Mercearia, Pão e Bolos Embalados, Poupe Este Fim De Semana",
        "Data_Coleta": "2025-06-01 01:30:10"
    },
    {
        "ID_Produto": "397182",
        "Categoria_Scraping": "mercearia",
        "Nome": "Bolo Snack Mix Milk",
        "Marca": "Balconi",
        "Preco": 4.19,
        "Unidade_Info": "0.35 Kg | 11,97 €/Kg",
        "Categorias_GTM": "Bolos e Tortas, Mercearia, Pão e Bolos Embalados, Categoria Referência SFCC",
        "Data_Coleta": "2025-06-01 01:30:10"
    },
    {
        "ID_Produto": "644648",
        "Categoria_Scraping": "mercearia",
        "Nome": "Bolo Snack Planetus",
        "Marca": "Manhãzitos",
        "Preco": 2.44,
        "Unidade_Info": "0.21 Kg | 11,62 €/Kg",
        "Categorias_GTM": "Categoria Referência SFCC, Bolos e Tortas, Mercearia, Pão e Bolos Embalados, Poupe Esta Semana",
        "Data_Coleta": "2025-06-01 01:30:10"
    },
    {
        "ID_Produto": "930606",
        "Categoria_Scraping": "mercearia",
        "Nome": "Bolsa de Fruta e Chia",
        "Marca": "Pingo Doce",
        "Preco": 0.99,
        "Unidade_Info": "0.12 Kg | 8,25 €/Kg",
        "Categorias_GTM": "As Nossas Marcas, Pingo Doce, Aperitivos e Snacks, Bolsas de Fruta, Mercearia",
        "Data_Coleta": "2025-06-01 01:30:10"
    },
    {
        "ID_Produto": "887363",
        "Categoria_Scraping": "mercearia",
        "Nome": "Bolsa de Fruta Maçã e Banana",
        "Marca": "GoGo squeeZ",
        "Preco": 2.69,
        "Unidade_Info": "0.36 Kg | 7,47 €/Kg",
        "Categorias_GTM": "Aperitivos e Snacks, Bolsas de Fruta, Mercearia, Poupe Esta Semana, Promoções",
        "Data_Coleta": "2025-06-01 01:30:10"
    },
    {
        "ID_Produto": "946304",
        "Categoria_Scraping": "mercearia",
        "Nome": "Bolsa Multifrutas",
        "Marca": "GoGo squeeZ",
        "Preco": 2.69,
        "Unidade_Info": "0.36 Kg | 7,47 €/Kg",
        "Categorias_GTM": "Categoria Referência SFCC, Aperitivos e Snacks, Bolsas de Fruta, Mercearia, Poupe Esta Semana",
        "Data_Coleta": "2025-06-01 01:30:10"
    },
    {
        "ID_Produto": "920856",
        "Categoria_Scraping": "mercearia",
        "Nome": "Bolsas de Fruta Maçã e Pera",
        "Marca": "GoGo squeeZ",
        "Preco": 2.69,
        "Unidade_Info": "0.36 Kg | 7,47 €/Kg",
        "Categorias_GTM": "Poupe Esta Semana, Promoções, Aperitivos e Snacks, Bolsas de Fruta, Mercearia",
        "Data_Coleta": "2025-06-01 01:30:10"
    },
    {
        "ID_Produto": "961051",
        "Categoria_Scraping": "mercearia",
        "Nome": "Café em Grão Torrado Ritual",
        "Marca": "Delta",
        "Preco": 7.29,
        "Unidade_Info": "0.5 Kg | 14,58 €/Kg",
        "Categorias_GTM": "Café, Chá e Bebidas Quentes, Café Moído e Grão, Mercearia, Categoria Referência SFCC, Poupe Esta Semana",
        "Data_Coleta": "2025-06-01 01:30:10"
    },
    {
        "ID_Produto": "747733",
        "Categoria_Scraping": "mercearia",
        "Nome": "Café Grão Lote Chávena",
        "Marca": "Delta",
        "Preco": 4.99,
        "Unidade_Info": "0.25 Kg | 19,96 €/Kg",
        "Categorias_GTM": "Café, Chá e Bebidas Quentes, Café Moído e Grão, Mercearia, Categoria Referência SFCC",
        "Data_Coleta": "2025-06-01 01:30:10"
    },
    {
        "ID_Produto": "748502",
        "Categoria_Scraping": "mercearia",
        "Nome": "Café Moído Moagem Lote Chávena",
        "Marca": "Delta",
        "Preco": 4.99,
        "Unidade_Info": "0.25 Kg | 19,96 €/Kg",
        "Categorias_GTM": "Categoria Referência SFCC, Café, Chá e Bebidas Quentes, Café Moído e Grão, Mercearia",
        "Data_Coleta": "2025-06-01 01:30:18"
    },
    {
        "ID_Produto": "748058",
        "Categoria_Scraping": "mercearia",
        "Nome": "Café Moído Moagem Universal Brasil",
        "Marca": "Delta",
        "Preco": 3.69,
        "Unidade_Info": "0.22 Kg | 16,77 €/Kg",
        "Categorias_GTM": "Categoria Referência SFCC, Café, Chá e Bebidas Quentes, Café Moído e Grão, Mercearia, Poupe Este Fim De Semana",
        "Data_Coleta": "2025-06-01 01:30:18"
    },
    {
        "ID_Produto": "748453",
        "Categoria_Scraping": "mercearia",
        "Nome": "Café Moído Moagem Universal Colômbia",
        "Marca": "Delta",
        "Preco": 3.69,
        "Unidade_Info": "0.22 Kg | 16,77 €/Kg",
        "Categorias_GTM": "Categoria Referência SFCC, Café, Chá e Bebidas Quentes, Café Moído e Grão, Mercearia, Poupe Esta Semana",
        "Data_Coleta": "2025-06-01 01:30:18"
    },
    {
        "ID_Produto": "855243",
        "Categoria_Scraping": "mercearia",
        "Nome": "Café Moído Moagem Universal Cuba",
        "Marca": "Delta",
        "Preco": 3.69,
        "Unidade_Info": "0.22 Kg | 16,77 €/Kg",
        "Categorias_GTM": "Poupe Esta Semana, Café, Chá e Bebidas Quentes, Café Moído e Grão, Mercearia, Promoções",
        "Data_Coleta": "2025-06-01 01:30:18"
    },
    {
        "ID_Produto": "981392",
        "Categoria_Scraping": "mercearia",
        "Nome": "Café Moído Moagem Universal Tradição",
        "Marca": "Sical",
        "Preco": 4.79,
        "Unidade_Info": "0.22 Kg | 21,77 €/Kg",
        "Categorias_GTM": "Café, Chá e Bebidas Quentes, Café Moído e Grão, Mercearia, Categoria Referência SFCC",
        "Data_Coleta": "2025-06-01 01:30:18"
    },
    {
        "ID_Produto": "981854",
        "Categoria_Scraping": "mercearia",
        "Nome": "Café Moído Torrado Moagem Normal Clássico",
        "Marca": "Sical",
        "Preco": 4.99,
        "Unidade_Info": "0.22 Un | 22,68 €/Un",
        "Categorias_GTM": "Café, Chá e Bebidas Quentes, Café Moído e Grão, Mercearia, Categoria Referência SFCC",
        "Data_Coleta": "2025-06-01 01:30:18"
    },
    {
        "ID_Produto": "953308",
        "Categoria_Scraping": "mercearia",
        "Nome": "Café Moído Torrado Moagem Universal Lote Portugal",
        "Marca": "Delta",
        "Preco": 4.99,
        "Unidade_Info": "0.22 Kg | 22,68 €/Kg",
        "Categorias_GTM": "Categoria Referência SFCC, Café, Chá e Bebidas Quentes, Café Moído e Grão, Mercearia",
        "Data_Coleta": "2025-06-01 01:30:18"
    },
    {
        "ID_Produto": "951856",
        "Categoria_Scraping": "mercearia",
        "Nome": "Café Moído Torrado Moagem Universal Lote Ritual",
        "Marca": "Delta",
        "Preco": 4.69,
        "Unidade_Info": "0.22 Kg | 21,32 €/Kg",
        "Categorias_GTM": "Categoria Referência SFCC, Café, Chá e Bebidas Quentes, Café Moído e Grão, Mercearia",
        "Data_Coleta": "2025-06-01 01:30:18"
    },
    {
        "ID_Produto": "748455",
        "Categoria_Scraping": "mercearia",
        "Nome": "Café Moído Torrado Universal Angola",
        "Marca": "Delta",
        "Preco": 3.69,
        "Unidade_Info": "0.22 Kg | 16,77 €/Kg",
        "Categorias_GTM": "Café, Chá e Bebidas Quentes, Café Moído e Grão, Mercearia, Categoria Referência SFCC, Poupe Este Fim De Semana",
        "Data_Coleta": "2025-06-01 01:30:18"
    },
    {
        "ID_Produto": "937647",
        "Categoria_Scraping": "mercearia",
        "Nome": "Café Moído Universal Descafeinado",
        "Marca": "Pingo Doce",
        "Preco": 2.99,
        "Unidade_Info": "0.25 Kg | 11,96 €/Kg",
        "Categorias_GTM": "Café, Chá e Bebidas Quentes, Café Moído e Grão, Mercearia, As Nossas Marcas, Pingo Doce",
        "Data_Coleta": "2025-06-01 01:30:18"
    },
    {
        "ID_Produto": "1999",
        "Categoria_Scraping": "mercearia",
        "Nome": "Café Solúvel",
        "Marca": "Pingo Doce",
        "Preco": 2.99,
        "Unidade_Info": "0.1 Kg | 29,9 €/Kg",
        "Categorias_GTM": "Café, Chá e Bebidas Quentes, Café Solúvel e Descafeinado, Mercearia, As Nossas Marcas, Pingo Doce",
        "Data_Coleta": "2025-06-01 01:30:18"
    },
    {
        "ID_Produto": "768491",
        "Categoria_Scraping": "mercearia",
        "Nome": "Café Solúvel Cappuccino",
        "Marca": "Nescafé",
        "Preco": 4.49,
        "Unidade_Info": "0.125 Kg | 35,92 €/Kg",
        "Categorias_GTM": "Categoria Referência SFCC, Café, Chá e Bebidas Quentes, Café Solúvel e Descafeinado, Mercearia",
        "Data_Coleta": "2025-06-01 01:30:18"
    },
    {
        "ID_Produto": "941247",
        "Categoria_Scraping": "mercearia",
        "Nome": "Café Solúvel Clássico",
        "Marca": "Nescafé",
        "Preco": 5.99,
        "Unidade_Info": "0.1 Kg | 59,9 €/Kg",
        "Categorias_GTM": "Café, Chá e Bebidas Quentes, Café Solúvel e Descafeinado, Mercearia, Categoria Referência SFCC",
        "Data_Coleta": "2025-06-01 01:30:27"
    },
    {
        "ID_Produto": "619056",
        "Categoria_Scraping": "mercearia",
        "Nome": "Café Solúvel Clássico",
        "Marca": "Nescafé",
        "Preco": 8.44,
        "Unidade_Info": "0.2 Kg | 42,2 €/Kg",
        "Categorias_GTM": "Categoria Referência SFCC, Café, Chá e Bebidas Quentes, Café Solúvel e Descafeinado, Mercearia, Poupe Esta Semana",
        "Data_Coleta": "2025-06-01 01:30:27"
    },
    {
        "ID_Produto": "752928",
        "Categoria_Scraping": "mercearia",
        "Nome": "Café Solúvel Clássico Creme",
        "Marca": "Nescafé",
        "Preco": 5.99,
        "Unidade_Info": "0.1 Kg | 59,9 €/Kg",
        "Categorias_GTM": "Categoria Referência SFCC, Café, Chá e Bebidas Quentes, Café Solúvel e Descafeinado, Mercearia",
        "Data_Coleta": "2025-06-01 01:30:27"
    },
    {
        "ID_Produto": "851310",
        "Categoria_Scraping": "mercearia",
        "Nome": "Café Solúvel Creme",
        "Marca": "Pingo Doce",
        "Preco": 2.89,
        "Unidade_Info": "0.08 Kg | 36,13 €/Kg",
        "Categorias_GTM": "Café, Chá e Bebidas Quentes, Café Solúvel e Descafeinado, Mercearia, Categoria Referência SFCC, As Nossas Marcas",
        "Data_Coleta": "2025-06-01 01:30:27"
    },
    {
        "ID_Produto": "410527",
        "Categoria_Scraping": "mercearia",
        "Nome": "Café Solúvel Gold",
        "Marca": "Pingo Doce",
        "Preco": 3.29,
        "Unidade_Info": "0.1 Kg | 32,9 €/Kg",
        "Categorias_GTM": "Café, Chá e Bebidas Quentes, Café Solúvel e Descafeinado, Mercearia, As Nossas Marcas, Pingo Doce",
        "Data_Coleta": "2025-06-01 01:30:27"
    },
    {
        "ID_Produto": "908620",
        "Categoria_Scraping": "mercearia",
        "Nome": "Café Solúvel Gold",
        "Marca": "Nescafé",
        "Preco": 9.79,
        "Unidade_Info": "0.2 Kg | 48,95 €/Kg",
        "Categorias_GTM": "Café, Chá e Bebidas Quentes, Café Solúvel e Descafeinado, Mercearia, Categoria Referência SFCC, Poupe Esta Semana",
        "Data_Coleta": "2025-06-01 01:30:27"
    },
    {
        "ID_Produto": "13512",
        "Categoria_Scraping": "mercearia",
        "Nome": "Café Solúvel Gold",
        "Marca": "Nescafé",
        "Preco": 7.99,
        "Unidade_Info": "0.1 Kg | 79,9 €/Kg",
        "Categorias_GTM": "Café, Chá e Bebidas Quentes, Café Solúvel e Descafeinado, Mercearia, Categoria Referência SFCC",
        "Data_Coleta": "2025-06-01 01:30:27"
    },
    {
        "ID_Produto": "856657",
        "Categoria_Scraping": "mercearia",
        "Nome": "Caju Cru",
        "Marca": "Frutorra",
        "Preco": 2.99,
        "Unidade_Info": "0.2 Kg | 14,95 €/Kg",
        "Categorias_GTM": "Aperitivos e Snacks, Frutos Secos e Desidratados, Mercearia, Categoria Referência SFCC, Poupe Esta Semana",
        "Data_Coleta": "2025-06-01 01:30:27"
    },
    {
        "ID_Produto": "969937",
        "Categoria_Scraping": "mercearia",
        "Nome": "Caju Frito com Sal",
        "Marca": "Pingo Doce",
        "Preco": 2.69,
        "Unidade_Info": "0.2 Kg | 13,45 €/Kg",
        "Categorias_GTM": "Aperitivos e Snacks, Frutos Secos e Desidratados, Mercearia, Pingo Doce, As Nossas Marcas",
        "Data_Coleta": "2025-06-01 01:30:27"
    },
    {
        "ID_Produto": "838425",
        "Categoria_Scraping": "mercearia",
        "Nome": "Caju Frito com Sal",
        "Marca": "Frutorra",
        "Preco": 3.29,
        "Unidade_Info": "0.2 Kg | 16,45 €/Kg",
        "Categorias_GTM": "Aperitivos e Snacks, Frutos Secos e Desidratados, Mercearia, Promoções, Poupe Esta Semana",
        "Data_Coleta": "2025-06-01 01:30:27"
    },
    {
        "ID_Produto": "965561",
        "Categoria_Scraping": "mercearia",
        "Nome": "Caju Torrado sem Sal",
        "Marca": "Pingo Doce",
        "Preco": 2.99,
        "Unidade_Info": "0.2 Kg | 14,95 €/Kg",
        "Categorias_GTM": "As Nossas Marcas, Pingo Doce, Aperitivos e Snacks, Frutos Secos e Desidratados, Mercearia",
        "Data_Coleta": "2025-06-01 01:30:27"
    },
    {
        "ID_Produto": "11325",
        "Categoria_Scraping": "mercearia",
        "Nome": "Caldo Culinário de Galinha Cubos",
        "Marca": "Knorr",
        "Preco": 2.49,
        "Unidade_Info": "0.24 Kg | 10,38 €/Kg",
        "Categorias_GTM": "Caldos, Mercearia, Temperos, Categoria Referência SFCC, Poupe Este Fim De Semana",
        "Data_Coleta": "2025-06-01 01:30:27"
    },
    {
        "ID_Produto": "660081",
        "Categoria_Scraping": "mercearia",
        "Nome": "Caldo Culinário de Galinha Cubos",
        "Marca": "Pingo Doce",
        "Preco": 1.49,
        "Unidade_Info": "24 Un | 0,06 €/Un",
        "Categorias_GTM": "Categoria Referência SFCC, Caldos, Mercearia, Temperos, As Nossas Marcas",
        "Data_Coleta": "2025-06-01 01:30:35"
    },
    {
        "ID_Produto": "620488",
        "Categoria_Scraping": "mercearia",
        "Nome": "Canela em Pau Saqueta",
        "Marca": "Pingo Doce",
        "Preco": 0.89,
        "Unidade_Info": "0.03 Kg | 29,67 €/Kg",
        "Categorias_GTM": "As Nossas Marcas, Pingo Doce, Categoria Referência SFCC, Especiarias e Ervas Aromáticas, Mercearia",
        "Data_Coleta": "2025-06-01 01:30:35"
    },
    {
        "ID_Produto": "767205",
        "Categoria_Scraping": "mercearia",
        "Nome": "Cappuccino Solúvel Clássico Saquetas",
        "Marca": "Pingo Doce",
        "Preco": 2.19,
        "Unidade_Info": "10 Un | 0,22 €/Un",
        "Categorias_GTM": "Categoria Referência SFCC, As Nossas Marcas, Pingo Doce, Café, Chá e Bebidas Quentes, Café Solúvel e Descafeinado",
        "Data_Coleta": "2025-06-01 01:30:35"
    },
    {
        "ID_Produto": "625871",
        "Categoria_Scraping": "mercearia",
        "Nome": "Cápsulas de Café Aqtivus",
        "Marca": "Delta Q",
        "Preco": 4.99,
        "Unidade_Info": "10 Un | 0,5 €/Un",
        "Categorias_GTM": "Categoria Referência SFCC, Café, Chá e Bebidas Quentes, Cápsulas de Café, Mercearia",
        "Data_Coleta": "2025-06-01 01:30:35"
    },
    {
        "ID_Produto": "770204",
        "Categoria_Scraping": "mercearia",
        "Nome": "Cápsulas de Café Au Lait",
        "Marca": "Nescafé Dolce Gusto",
        "Preco": 10.49,
        "Unidade_Info": "30 Un | 0,35 €/Un",
        "Categorias_GTM": "Categoria Referência SFCC, Café, Chá e Bebidas Quentes, Mercearia, Cápsulas de Café",
        "Data_Coleta": "2025-06-01 01:30:35"
    },
    {
        "ID_Produto": "949924",
        "Categoria_Scraping": "mercearia",
        "Nome": "Cápsulas de Café Aveludado",
        "Marca": "Pingo Doce",
        "Preco": 4.59,
        "Unidade_Info": "16 Un | 0,29 €/Un",
        "Categorias_GTM": "As Nossas Marcas, Pingo Doce, Categoria Referência SFCC, Café, Chá e Bebidas Quentes, Cápsulas de Café",
        "Data_Coleta": "2025-06-01 01:30:35"
    },
    {
        "ID_Produto": "925243",
        "Categoria_Scraping": "mercearia",
        "Nome": "Cápsulas de Café Buondi",
        "Marca": "Nescafé Dolce Gusto",
        "Preco": 5.39,
        "Unidade_Info": "16 Un | 0,34 €/Un",
        "Categorias_GTM": "Café, Chá e Bebidas Quentes, Cápsulas de Café, Mercearia, Categoria Referência SFCC, Poupe Esta Semana",
        "Data_Coleta": "2025-06-01 01:30:35"
    },
    {
        "ID_Produto": "949927",
        "Categoria_Scraping": "mercearia",
        "Nome": "Cápsulas de Café Canela",
        "Marca": "Pingo Doce",
        "Preco": 4.79,
        "Unidade_Info": "16 Un | 0,3 €/Un",
        "Categorias_GTM": "As Nossas Marcas, Pingo Doce, Categoria Referência SFCC, Café, Chá e Bebidas Quentes, Cápsulas de Café",
        "Data_Coleta": "2025-06-01 01:30:35"
    },
    {
        "ID_Produto": "748671",
        "Categoria_Scraping": "mercearia",
        "Nome": "Cápsulas de Café Chiado",
        "Marca": "Pingo Doce",
        "Preco": 4.79,
        "Unidade_Info": "16 Un | 0,3 €/Un",
        "Categorias_GTM": "Café, Chá e Bebidas Quentes, Cápsulas de Café, Mercearia, Categoria Referência SFCC, As Nossas Marcas",
        "Data_Coleta": "2025-06-01 01:30:35"
    },
    {
        "ID_Produto": "659064",
        "Categoria_Scraping": "mercearia",
        "Nome": "Cápsulas de Café Corposo",
        "Marca": "Pingo Doce",
        "Preco": 4.59,
        "Unidade_Info": "16 Un | 0,29 €/Un",
        "Categorias_GTM": "As Nossas Marcas, Pingo Doce, Categoria Referência SFCC, Café, Chá e Bebidas Quentes, Cápsulas de Café",
        "Data_Coleta": "2025-06-01 01:30:35"
    },
    {
        "ID_Produto": "724877",
        "Categoria_Scraping": "mercearia",
        "Nome": "Cápsulas de Café Galão",
        "Marca": "Nescafé Dolce Gusto",
        "Preco": 6.89,
        "Unidade_Info": "16 Un | 0,43 €/Un",
        "Categorias_GTM": "Categoria Referência SFCC, Café, Chá e Bebidas Quentes, Cápsulas de Café, Mercearia",
        "Data_Coleta": "2025-06-01 01:30:35"
    },
    {
        "ID_Produto": "962486",
        "Categoria_Scraping": "mercearia",
        "Nome": "Cápsulas de Café Ginga",
        "Marca": "Delta Q",
        "Preco": 2.89,
        "Unidade_Info": "10 Un | 0,29 €/Un",
        "Categorias_GTM": "Café, Chá e Bebidas Quentes, Cápsulas de Café, Mercearia, Categoria Referência SFCC",
        "Data_Coleta": "2025-06-01 01:30:35"
    },
    {
        "ID_Produto": "927087",
        "Categoria_Scraping": "mercearia",
        "Nome": "Cápsulas de Café Intenso",
        "Marca": "Nescafé Dolce Gusto",
        "Preco": 19.99,
        "Unidade_Info": "64 Un | 0,31 €/Un",
        "Categorias_GTM": "Café, Chá e Bebidas Quentes, Cápsulas de Café, Mercearia, Categoria Referência SFCC",
        "Data_Coleta": "2025-06-01 01:30:44"
    },
    {
        "ID_Produto": "953183",
        "Categoria_Scraping": "mercearia",
        "Nome": "Cápsulas de Café Intenso",
        "Marca": "Pingo Doce",
        "Preco": 4.59,
        "Unidade_Info": "16 Un | 0,29 €/Un",
        "Categorias_GTM": "As Nossas Marcas, Pingo Doce, Categoria Referência SFCC, Café, Chá e Bebidas Quentes, Cápsulas de Café",
        "Data_Coleta": "2025-06-01 01:30:44"
    },
    {
        "ID_Produto": "961168",
        "Categoria_Scraping": "mercearia",
        "Nome": "Cápsulas de Café Meia de Leite Sical",
        "Marca": "Nescafé Dolce Gusto",
        "Preco": 5.39,
        "Unidade_Info": "16 Un | 0,34 €/Un",
        "Categorias_GTM": "Cápsulas de Café, Café, Chá e Bebidas Quentes, Mercearia, Categoria Referência SFCC, Poupe Esta Semana",
        "Data_Coleta": "2025-06-01 01:30:44"
    },
    {
        "ID_Produto": "894312",
        "Categoria_Scraping": "mercearia",
        "Nome": "Cápsulas de Café MythiQ",
        "Marca": "Delta Q",
        "Preco": 4.99,
        "Unidade_Info": "10 Un | 0,5 €/Un",
        "Categorias_GTM": "Categoria Referência SFCC, Café, Chá e Bebidas Quentes, Cápsulas de Café, Mercearia",
        "Data_Coleta": "2025-06-01 01:30:44"
    },
    {
        "ID_Produto": "911045",
        "Categoria_Scraping": "mercearia",
        "Nome": "Cápsulas de Café Mythiq Pack XL",
        "Marca": "Delta Q",
        "Preco": 15.99,
        "Unidade_Info": "40 Un | 0,4 €/Un",
        "Categorias_GTM": "Café, Chá e Bebidas Quentes, Cápsulas de Café, Mercearia, Categoria Referência SFCC",
        "Data_Coleta": "2025-06-01 01:30:44"
    },
    {
        "ID_Produto": "955082",
        "Categoria_Scraping": "mercearia",
        "Nome": "Cápsulas de Café Napoli",
        "Marca": "Nescafé Dolce Gusto",
        "Preco": 19.99,
        "Unidade_Info": "64 Un | 0,31 €/Un",
        "Categorias_GTM": "Categoria Referência SFCC, Café, Chá e Bebidas Quentes, Cápsulas de Café, Mercearia",
        "Data_Coleta": "2025-06-01 01:30:44"
    },
    {
        "ID_Produto": "818864",
        "Categoria_Scraping": "mercearia",
        "Nome": "Cápsulas de Café Nespresso Aromática",
        "Marca": "Chave D'Ouro",
        "Preco": 1.99,
        "Unidade_Info": "10 Un | 0,2 €/Un",
        "Categorias_GTM": "N/A",
        "Data_Coleta": "2025-06-01 01:30:44"
    },
    {
        "ID_Produto": "935876",
        "Categoria_Scraping": "mercearia",
        "Nome": "Cápsulas de Café Nespresso Barista",
        "Marca": "L'Or",
        "Preco": 8.49,
        "Unidade_Info": "20 Un | 0,42 €/Un",
        "Categorias_GTM": "N/A",
        "Data_Coleta": "2025-06-01 01:30:44"
    },
    {
        "ID_Produto": "894887",
        "Categoria_Scraping": "mercearia",
        "Nome": "Cápsulas de Café Nespresso Blonde",
        "Marca": "Starbucks",
        "Preco": 5.29,
        "Unidade_Info": "10 Un | 0,53 €/Un",
        "Categorias_GTM": "Categoria Referência SFCC, Café, Chá e Bebidas Quentes, Cápsulas de Café, Mercearia",
        "Data_Coleta": "2025-06-01 01:30:44"
    },
    {
        "ID_Produto": "972522",
        "Categoria_Scraping": "mercearia",
        "Nome": "Cápsulas de Café Nespresso Colombia",
        "Marca": "L'Or",
        "Preco": 8.49,
        "Unidade_Info": "20 Un | 0,42 €/Un",
        "Categorias_GTM": "N/A",
        "Data_Coleta": "2025-06-01 01:30:44"
    },
    {
        "ID_Produto": "975616",
        "Categoria_Scraping": "mercearia",
        "Nome": "Cápsulas de Café Nespresso Descafeinado",
        "Marca": "L'Animo",
        "Preco": 2.89,
        "Unidade_Info": "10 Un | 0,29 €/Un",
        "Categorias_GTM": "N/A",
        "Data_Coleta": "2025-06-01 01:30:44"
    },
    {
        "ID_Produto": "850953",
        "Categoria_Scraping": "mercearia",
        "Nome": "Cápsulas de Café Nespresso Descafeinado Ristretto",
        "Marca": "L'Or",
        "Preco": 4.39,
        "Unidade_Info": "10 Un | 0,44 €/Un",
        "Categorias_GTM": "N/A",
        "Data_Coleta": "2025-06-01 01:30:44"
    },
    {
        "ID_Produto": "951846",
        "Categoria_Scraping": "mercearia",
        "Nome": "Cápsulas de Café Nespresso Extreme",
        "Marca": "Buondi",
        "Preco": 10.99,
        "Unidade_Info": "36 Un | 0,31 €/Un",
        "Categorias_GTM": "Categoria Referência SFCC, Café, Chá e Bebidas Quentes, Cápsulas de Café, Mercearia",
        "Data_Coleta": "2025-06-01 01:30:53"
    },
    {
        "ID_Produto": "933392",
        "Categoria_Scraping": "mercearia",
        "Nome": "Cápsulas de Café Nespresso Extreme",
        "Marca": "Buondi",
        "Preco": 3.29,
        "Unidade_Info": "10 Un | 0,33 €/Un",
        "Categorias_GTM": "Categoria Referência SFCC, Café, Chá e Bebidas Quentes, Cápsulas de Café, Mercearia, Poupe Este Fim De Semana",
        "Data_Coleta": "2025-06-01 01:30:53"
    },
    {
        "ID_Produto": "973819",
        "Categoria_Scraping": "mercearia",
        "Nome": "Cápsulas de Café Nespresso Forte",
        "Marca": "L'Animo",
        "Preco": 4.39,
        "Unidade_Info": "20 Un | 0,22 €/Un",
        "Categorias_GTM": "N/A",
        "Data_Coleta": "2025-06-01 01:30:53"
    },
    {
        "ID_Produto": "901450",
        "Categoria_Scraping": "mercearia",
        "Nome": "Cápsulas de Café Nespresso Intenso",
        "Marca": "Buondi",
        "Preco": 3.29,
        "Unidade_Info": "10 Un | 0,33 €/Un",
        "Categorias_GTM": "Poupe Esta Semana, Promoções, Categoria Referência SFCC, Café, Chá e Bebidas Quentes, Cápsulas de Café",
        "Data_Coleta": "2025-06-01 01:30:53"
    },
    {
        "ID_Produto": "951845",
        "Categoria_Scraping": "mercearia",
        "Nome": "Cápsulas de Café Nespresso Intenso",
        "Marca": "Buondi",
        "Preco": 10.99,
        "Unidade_Info": "36 Un | 0,31 €/Un",
        "Categorias_GTM": "Categoria Referência SFCC, Café, Chá e Bebidas Quentes, Cápsulas de Café, Mercearia",
        "Data_Coleta": "2025-06-01 01:30:53"
    },
    {
        "ID_Produto": "920008",
        "Categoria_Scraping": "mercearia",
        "Nome": "Cápsulas de Café Nespresso Prestígio",
        "Marca": "Chave D'Ouro",
        "Preco": 5.59,
        "Unidade_Info": "30 Un | 0,19 €/Un",
        "Categorias_GTM": "N/A",
        "Data_Coleta": "2025-06-01 01:30:53"
    },
    {
        "ID_Produto": "977659",
        "Categoria_Scraping": "mercearia",
        "Nome": "Cápsulas de Café Nespresso Ristretto",
        "Marca": "L'Animo",
        "Preco": 4.39,
        "Unidade_Info": "20 Un | 0,22 €/Un",
        "Categorias_GTM": "N/A",
        "Data_Coleta": "2025-06-01 01:30:53"
    },
    {
        "ID_Produto": "963256",
        "Categoria_Scraping": "mercearia",
        "Nome": "Cápsulas de Café Nespresso Ristretto",
        "Marca": "Buondi",
        "Preco": 3.29,
        "Unidade_Info": "10 Un | 0,33 €/Un",
        "Categorias_GTM": "Café, Chá e Bebidas Quentes, Cápsulas de Café, Mercearia, Categoria Referência SFCC, Poupe Este Fim De Semana",
        "Data_Coleta": "2025-06-01 01:30:53"
    },
    {
        "ID_Produto": "894889",
        "Categoria_Scraping": "mercearia",
        "Nome": "Cápsulas de Café Nespresso Roast",
        "Marca": "Starbucks",
        "Preco": 5.29,
        "Unidade_Info": "10 Un | 0,53 €/Un",
        "Categorias_GTM": "Categoria Referência SFCC, Café, Chá e Bebidas Quentes, Cápsulas de Café, Mercearia",
        "Data_Coleta": "2025-06-01 01:30:53"
    },
    {
        "ID_Produto": "857957",
        "Categoria_Scraping": "mercearia",
        "Nome": "Cápsulas de Café Prestigio",
        "Marca": "Nescafé Dolce Gusto",
        "Preco": 3.99,
        "Unidade_Info": "16 Un | 0,25 €/Un",
        "Categorias_GTM": "Café, Chá e Bebidas Quentes, Cápsulas de Café, Mercearia, Categoria Referência SFCC",
        "Data_Coleta": "2025-06-01 01:30:53"
    },
    {
        "ID_Produto": "625869",
        "Categoria_Scraping": "mercearia",
        "Nome": "Cápsulas de Café Qalidus",
        "Marca": "Delta Q",
        "Preco": 4.99,
        "Unidade_Info": "10 Un | 0,5 €/Un",
        "Categorias_GTM": "Categoria Referência SFCC, Café, Chá e Bebidas Quentes, Cápsulas de Café, Mercearia",
        "Data_Coleta": "2025-06-01 01:30:53"
    },
    {
        "ID_Produto": "815621",
        "Categoria_Scraping": "mercearia",
        "Nome": "Cápsulas de Café Qharacter",
        "Marca": "Delta Q",
        "Preco": 15.99,
        "Unidade_Info": "40 Un | 0,4 €/Un",
        "Categorias_GTM": "Categoria Referência SFCC, Café, Chá e Bebidas Quentes, Cápsulas de Café, Mercearia",
        "Data_Coleta": "2025-06-01 01:30:53"
    },
    {
        "ID_Produto": "813576",
        "Categoria_Scraping": "mercearia",
        "Nome": "Cápsulas de Café Ristretto",
        "Marca": "Pingo Doce",
        "Preco": 4.59,
        "Unidade_Info": "16 Un | 0,29 €/Un",
        "Categorias_GTM": "As Nossas Marcas, Pingo Doce, Categoria Referência SFCC, Café, Chá e Bebidas Quentes, Cápsulas de Café",
        "Data_Coleta": "2025-06-01 01:31:02"
    },
    {
        "ID_Produto": "872154",
        "Categoria_Scraping": "mercearia",
        "Nome": "Cápsulas de Café Ristretto Napoli",
        "Marca": "Nescafé Dolce Gusto",
        "Preco": 6.89,
        "Unidade_Info": "16 Un | 0,43 €/Un",
        "Categorias_GTM": "Categoria Referência SFCC, Café, Chá e Bebidas Quentes, Cápsulas de Café, Mercearia",
        "Data_Coleta": "2025-06-01 01:31:02"
    },
    {
        "ID_Produto": "821320",
        "Categoria_Scraping": "mercearia",
        "Nome": "Cápsulas de Café Sical",
        "Marca": "Nescafé Dolce Gusto",
        "Preco": 5.39,
        "Unidade_Info": "16 Un | 0,34 €/Un",
        "Categorias_GTM": "Café, Chá e Bebidas Quentes, Mercearia, Cápsulas de Café, Categoria Referência SFCC, Poupe Esta Semana",
        "Data_Coleta": "2025-06-01 01:31:02"
    },
    {
        "ID_Produto": "857958",
        "Categoria_Scraping": "mercearia",
        "Nome": "Cápsulas de Café Tradição",
        "Marca": "Nescafé Dolce Gusto",
        "Preco": 3.99,
        "Unidade_Info": "16 Un | 0,25 €/Un",
        "Categorias_GTM": "Categoria Referência SFCC, Café, Chá e Bebidas Quentes, Cápsulas de Café, Mercearia",
        "Data_Coleta": "2025-06-01 01:31:02"
    },
    {
        "ID_Produto": "920010",
        "Categoria_Scraping": "mercearia",
        "Nome": "Cápsulas de Café Tradição Nespresso",
        "Marca": "Chave D'Ouro",
        "Preco": 5.59,
        "Unidade_Info": "30 Un | 0,19 €/Un",
        "Categorias_GTM": "N/A",
        "Data_Coleta": "2025-06-01 01:31:02"
    },
    {
        "ID_Produto": "920578",
        "Categoria_Scraping": "mercearia",
        "Nome": "Caramelos de Fruta",
        "Marca": "Pingo Doce",
        "Preco": 1.39,
        "Unidade_Info": "0.25 Kg | 5,56 €/Kg",
        "Categorias_GTM": "As Nossas Marcas, Pingo Doce, Categoria Referência SFCC, Chocolates e Guloseimas, Mercearia",
        "Data_Coleta": "2025-06-01 01:31:02"
    },
    {
        "ID_Produto": "967307",
        "Categoria_Scraping": "mercearia",
        "Nome": "Cereais Argolinhas Mel",
        "Marca": "Cheerios",
        "Preco": 3.44,
        "Unidade_Info": "0.33 Kg | 10,42 €/Kg",
        "Categorias_GTM": "Cereais e Barras, Infantis e Juvenis, Mercearia, Poupe Esta Semana, Promoções",
        "Data_Coleta": "2025-06-01 01:31:02"
    },
    {
        "ID_Produto": "731757",
        "Categoria_Scraping": "mercearia",
        "Nome": "Cereais Bolas de Chocolate",
        "Marca": "Pingo Doce",
        "Preco": 1.99,
        "Unidade_Info": "0.375 Kg | 5,31 €/Kg",
        "Categorias_GTM": "As Nossas Marcas, Pingo Doce, Categoria Referência SFCC, Cereais e Barras, Infantis e Juvenis",
        "Data_Coleta": "2025-06-01 01:31:02"
    },
    {
        "ID_Produto": "957374",
        "Categoria_Scraping": "mercearia",
        "Nome": "Cereais Chocolate de Leite",
        "Marca": "Kit Kat",
        "Preco": 4.59,
        "Unidade_Info": "0.33 Kg | 13,91 €/Kg",
        "Categorias_GTM": "Categoria Referência SFCC, Cereais e Barras, Infantis e Juvenis, Mercearia",
        "Data_Coleta": "2025-06-01 01:31:02"
    },
    {
        "ID_Produto": "803708",
        "Categoria_Scraping": "mercearia",
        "Nome": "Cereais Cookie Bitz",
        "Marca": "Pingo Doce",
        "Preco": 2.19,
        "Unidade_Info": "0.375 Kg | 5,84 €/Kg",
        "Categorias_GTM": "Infantis e Juvenis, Mercearia, Cereais e Barras, As Nossas Marcas, Pingo Doce",
        "Data_Coleta": "2025-06-01 01:31:02"
    },
    {
        "ID_Produto": "52137",
        "Categoria_Scraping": "mercearia",
        "Nome": "Cereais Corn Flakes",
        "Marca": "Kellogg's",
        "Preco": 3.49,
        "Unidade_Info": "0.5 Kg | 6,98 €/Kg",
        "Categorias_GTM": "N/A",
        "Data_Coleta": "2025-06-01 01:31:02"
    },
    {
        "ID_Produto": "723079",
        "Categoria_Scraping": "mercearia",
        "Nome": "Cereais Corn Flakes",
        "Marca": "Pingo Doce",
        "Preco": 1.75,
        "Unidade_Info": "0.5 Kg | 3,5 €/Kg",
        "Categorias_GTM": "Categoria Referência SFCC, Mercearia, Cereais e Barras, Linha e Fibra, As Nossas Marcas",
        "Data_Coleta": "2025-06-01 01:31:02"
    },
    {
        "ID_Produto": "570359",
        "Categoria_Scraping": "mercearia",
        "Nome": "Cereais Corn Flakes Zero",
        "Marca": "Nacional",
        "Preco": 2.59,
        "Unidade_Info": "0.375 Kg | 6,91 €/Kg",
        "Categorias_GTM": "Categoria Referência SFCC, Cereais e Barras, Linha e Fibra, Mercearia",
        "Data_Coleta": "2025-06-01 01:31:11"
    },
    {
        "ID_Produto": "936550",
        "Categoria_Scraping": "mercearia",
        "Nome": "Cereais Crunchy Muesli Frutas",
        "Marca": "Pingo Doce",
        "Preco": 2.59,
        "Unidade_Info": "0.5 Kg | 5,18 €/Kg",
        "Categorias_GTM": "Cereais e Barras, Mercearia, Muesli e Granola, As Nossas Marcas, Pingo Doce",
        "Data_Coleta": "2025-06-01 01:31:11"
    },
    {
        "ID_Produto": "909945",
        "Categoria_Scraping": "mercearia",
        "Nome": "Cereais de Aveia Integral",
        "Marca": "Cheerios",
        "Preco": 2.99,
        "Unidade_Info": "0.3 Kg | 9,97 €/Kg",
        "Categorias_GTM": "Cereais e Barras, Infantis e Juvenis, Mercearia, Categoria Referência SFCC, Poupe Este Fim De Semana",
        "Data_Coleta": "2025-06-01 01:31:11"
    },
    {
        "ID_Produto": "666008",
        "Categoria_Scraping": "mercearia",
        "Nome": "Cereais de Caramelo e Chocolate",
        "Marca": "Lion",
        "Preco": 4.59,
        "Unidade_Info": "0.4 Kg | 11,48 €/Kg",
        "Categorias_GTM": "Categoria Referência SFCC, Cereais e Barras, Infantis e Juvenis, Mercearia",
        "Data_Coleta": "2025-06-01 01:31:11"
    },
    {
        "ID_Produto": "926720",
        "Categoria_Scraping": "mercearia",
        "Nome": "Cereais de Chocolate",
        "Marca": "Nesquik",
        "Preco": 2.89,
        "Unidade_Info": "0.3 Kg | 9,63 €/Kg",
        "Categorias_GTM": "Infantis e Juvenis, Cereais e Barras, Mercearia, Categoria Referência SFCC",
        "Data_Coleta": "2025-06-01 01:31:11"
    },
    {
        "ID_Produto": "911937",
        "Categoria_Scraping": "mercearia",
        "Nome": "Cereais de Mel",
        "Marca": "Estrelitas",
        "Preco": 2.09,
        "Unidade_Info": "0.27 Kg | 7,74 €/Kg",
        "Categorias_GTM": "Cereais e Barras, Infantis e Juvenis, Mercearia, Promoções, Poupe Esta Semana",
        "Data_Coleta": "2025-06-01 01:31:11"
    },
    {
        "ID_Produto": "966983",
        "Categoria_Scraping": "mercearia",
        "Nome": "Cereais de Trigo, Aveia e Quinoa de Cacau Proteína sem Açúcar",
        "Marca": "Fitness",
        "Preco": 3.34,
        "Unidade_Info": "0.31 Kg | 10,77 €/Kg",
        "Categorias_GTM": "Cereais e Barras, Linha e Fibra, Mercearia, Categoria Referência SFCC, Poupe Este Fim De Semana",
        "Data_Coleta": "2025-06-01 01:31:11"
    },
    {
        "ID_Produto": "728035",
        "Categoria_Scraping": "mercearia",
        "Nome": "Cereais de Trigo Integral",
        "Marca": "Weetabix",
        "Preco": 4.59,
        "Unidade_Info": "0.43 Kg | 10,67 €/Kg",
        "Categorias_GTM": "Categoria Referência SFCC, Cereais e Barras, Linha e Fibra, Mercearia",
        "Data_Coleta": "2025-06-01 01:31:11"
    },
    {
        "ID_Produto": "402322",
        "Categoria_Scraping": "mercearia",
        "Nome": "Cereais Estrelinhas",
        "Marca": "Pingo Doce",
        "Preco": 1.59,
        "Unidade_Info": "0.375 Kg | 4,24 €/Kg",
        "Categorias_GTM": "Cereais e Barras, Infantis e Juvenis, Mercearia, As Nossas Marcas, Pingo Doce",
        "Data_Coleta": "2025-06-01 01:31:11"
    },
    {
        "ID_Produto": "965143",
        "Categoria_Scraping": "mercearia",
        "Nome": "Cereais Golden Grahams",
        "Marca": "Golden Grahams",
        "Preco": 3.19,
        "Unidade_Info": "0.375 Kg | 8,51 €/Kg",
        "Categorias_GTM": "Cereais e Barras, Infantis e Juvenis, Mercearia, Categoria Referência SFCC, Poupe Esta Semana",
        "Data_Coleta": "2025-06-01 01:31:11"
    },
    {
        "ID_Produto": "926721",
        "Categoria_Scraping": "mercearia",
        "Nome": "Cereais Integrais com Chocolate",
        "Marca": "Clusters",
        "Preco": 4.99,
        "Unidade_Info": "0.325 Kg | 15,35 €/Kg",
        "Categorias_GTM": "Cereais e Barras, Infantis e Juvenis, Mercearia, Categoria Referência SFCC",
        "Data_Coleta": "2025-06-01 01:31:11"
    },
    {
        "ID_Produto": "942463",
        "Categoria_Scraping": "mercearia",
        "Nome": "Cereais Krave de Avelã",
        "Marca": "Kellogg's",
        "Preco": 3.34,
        "Unidade_Info": "0.41 Kg | 8,15 €/Kg",
        "Categorias_GTM": "N/A",
        "Data_Coleta": "2025-06-01 01:31:11"
    },
    {
        "ID_Produto": "401997",
        "Categoria_Scraping": "mercearia",
        "Nome": "Cereais Linha com Aveia Integral",
        "Marca": "Fitness",
        "Preco": 5.24,
        "Unidade_Info": "0.625 Kg | 8,38 €/Kg",
        "Categorias_GTM": "Cereais e Barras, Linha e Fibra, Mercearia, Categoria Referência SFCC, Poupe Este Fim De Semana",
        "Data_Coleta": "2025-06-01 01:31:20"
    },
    {
        "ID_Produto": "832963",
        "Categoria_Scraping": "mercearia",
        "Nome": "Cereais Linha com Frutos Vermelhos",
        "Marca": "Pingo Doce",
        "Preco": 2.19,
        "Unidade_Info": "0.3 Kg | 7,3 €/Kg",
        "Categorias_GTM": "As Nossas Marcas, Pingo Doce, Cereais e Barras, Linha e Fibra, Mercearia",
        "Data_Coleta": "2025-06-01 01:31:20"
    },
    {
        "ID_Produto": "832751",
        "Categoria_Scraping": "mercearia",
        "Nome": "Cereais Linha Original",
        "Marca": "Pingo Doce",
        "Preco": 1.85,
        "Unidade_Info": "0.5 Kg | 3,7 €/Kg",
        "Categorias_GTM": "As Nossas Marcas, Pingo Doce, Categoria Referência SFCC, Cereais e Barras, Linha e Fibra",
        "Data_Coleta": "2025-06-01 01:31:20"
    },
    {
        "ID_Produto": "804099",
        "Categoria_Scraping": "mercearia",
        "Nome": "Cereais Recheados com Chocolate e Avelã",
        "Marca": "Pingo Doce",
        "Preco": 2.49,
        "Unidade_Info": "0.5 Kg | 4,98 €/Kg",
        "Categorias_GTM": "As Nossas Marcas, Pingo Doce, Categoria Referência SFCC, Cereais e Barras, Infantis e Juvenis",
        "Data_Coleta": "2025-06-01 01:31:20"
    },
    {
        "ID_Produto": "775093",
        "Categoria_Scraping": "mercearia",
        "Nome": "Cereais Recheados com Leite",
        "Marca": "Pingo Doce",
        "Preco": 2.49,
        "Unidade_Info": "0.5 Kg | 4,98 €/Kg",
        "Categorias_GTM": "As Nossas Marcas, Pingo Doce, Categoria Referência SFCC, Cereais e Barras, Infantis e Juvenis",
        "Data_Coleta": "2025-06-01 01:31:20"
    },
    {
        "ID_Produto": "960379",
        "Categoria_Scraping": "mercearia",
        "Nome": "Cereais Special K",
        "Marca": "Kellogg's",
        "Preco": 7.59,
        "Unidade_Info": "0.7 Kg | 10,84 €/Kg",
        "Categorias_GTM": "N/A",
        "Data_Coleta": "2025-06-01 01:31:20"
    },
    {
        "ID_Produto": "960287",
        "Categoria_Scraping": "mercearia",
        "Nome": "Cereais Special K Chocolate",
        "Marca": "Kellogg's",
        "Preco": 4.39,
        "Unidade_Info": "0.325 Kg | 13,51 €/Kg",
        "Categorias_GTM": "N/A",
        "Data_Coleta": "2025-06-01 01:31:20"
    },
    {
        "ID_Produto": "764867",
        "Categoria_Scraping": "mercearia",
        "Nome": "Cevada Solúvel",
        "Marca": "Delta",
        "Preco": 2.59,
        "Unidade_Info": "0.2 Kg | 12,95 €/Kg",
        "Categorias_GTM": "Categoria Referência SFCC, Bebidas de Cereais, Café, Chá e Bebidas Quentes, Mercearia, Poupe Esta Semana",
        "Data_Coleta": "2025-06-01 01:31:20"
    },
    {
        "ID_Produto": "655530",
        "Categoria_Scraping": "mercearia",
        "Nome": "Cevada Solúvel",
        "Marca": "Pingo Doce",
        "Preco": 1.99,
        "Unidade_Info": "0.2 Kg | 9,95 €/Kg",
        "Categorias_GTM": "As Nossas Marcas, Pingo Doce, Categoria Referência SFCC, Bebidas de Cereais, Café, Chá e Bebidas Quentes",
        "Data_Coleta": "2025-06-01 01:31:20"
    },
    {
        "ID_Produto": "889321",
        "Categoria_Scraping": "mercearia",
        "Nome": "Chocolate em Pó",
        "Marca": "Pantagruel",
        "Preco": 2.25,
        "Unidade_Info": "0.125 Kg | 18 €/Kg",
        "Categorias_GTM": "Categoria Referência SFCC, Cacau e Chocolate para Culinária, Mercearia, Sobremesas",
        "Data_Coleta": "2025-06-01 01:31:20"
    },
    {
        "ID_Produto": "955284",
        "Categoria_Scraping": "mercearia",
        "Nome": "Chocolate em Pó",
        "Marca": "Ovomaltine",
        "Preco": 7.79,
        "Unidade_Info": "0.4 Kg | 19,47 €/Kg",
        "Categorias_GTM": "Categoria Referência SFCC, Achocolatados, Café, Chá e Bebidas Quentes, Mercearia",
        "Data_Coleta": "2025-06-01 01:31:20"
    },
    {
        "ID_Produto": "746927",
        "Categoria_Scraping": "mercearia",
        "Nome": "Chocolate em Pó Culinária",
        "Marca": "Pingo Doce",
        "Preco": 0.99,
        "Unidade_Info": "0.125 Kg | 7,92 €/Kg",
        "Categorias_GTM": "Cacau e Chocolate para Culinária, Sobremesas, Mercearia, As Nossas Marcas, Pingo Doce",
        "Data_Coleta": "2025-06-01 01:31:20"
    },
    {
        "ID_Produto": "598151",
        "Categoria_Scraping": "mercearia",
        "Nome": "Cogumelos Inteiros em Lata",
        "Marca": "Pingo Doce",
        "Preco": 1.25,
        "Unidade_Info": "0.185 Kg | 6,76 €/Kg",
        "Categorias_GTM": "Categoria Referência SFCC, Cogumelos e Outros Vegetais, Conservas, Mercearia, As Nossas Marcas",
        "Data_Coleta": "2025-06-01 01:31:29"
    },
    {
        "ID_Produto": "104376",
        "Categoria_Scraping": "mercearia",
        "Nome": "Concentrado de Tomate Bisnaga",
        "Marca": "Compal",
        "Preco": 1.29,
        "Unidade_Info": "0.14 L | 9,21 €/L",
        "Categorias_GTM": "Categoria Referência SFCC, Mercearia, Polpas e Concentrados, Temperos",
        "Data_Coleta": "2025-06-01 01:31:29"
    },
    {
        "ID_Produto": "859442",
        "Categoria_Scraping": "mercearia",
        "Nome": "Couscous",
        "Marca": "Pingo Doce",
        "Preco": 0.55,
        "Unidade_Info": "0.25 Kg | 2,2 €/Kg",
        "Categorias_GTM": "Arroz e Massa, Massa, Mercearia, Categoria Referência SFCC, As Nossas Marcas",
        "Data_Coleta": "2025-06-01 01:31:29"
    },
    {
        "ID_Produto": "942140",
        "Categoria_Scraping": "mercearia",
        "Nome": "Couscous",
        "Marca": "Pingo Doce",
        "Preco": 1.79,
        "Unidade_Info": "1 Kg | 1,79 €/Kg",
        "Categorias_GTM": "As Nossas Marcas, Pingo Doce, Arroz e Massa, Massa, Mercearia",
        "Data_Coleta": "2025-06-01 01:31:29"
    },
    {
        "ID_Produto": "759478",
        "Categoria_Scraping": "mercearia",
        "Nome": "Creme de Chocolate para Barrar",
        "Marca": "Nutella",
        "Preco": 4.29,
        "Unidade_Info": "0.35 Kg | 12,26 €/Kg",
        "Categorias_GTM": "Categoria Referência SFCC, Compotas e Doces, Cremes para Barrar, Mercearia",
        "Data_Coleta": "2025-06-01 01:31:29"
    },
    {
        "ID_Produto": "807477",
        "Categoria_Scraping": "mercearia",
        "Nome": "Creme para Barrar Chocolate e Avelã",
        "Marca": "Major Cream",
        "Preco": 3.39,
        "Unidade_Info": "0.75 Kg | 4,52 €/Kg",
        "Categorias_GTM": "Categoria Referência SFCC, Cremes para Barrar, Mercearia",
        "Data_Coleta": "2025-06-01 01:31:29"
    },
    {
        "ID_Produto": "264858",
        "Categoria_Scraping": "mercearia",
        "Nome": "Creme para Barrar Chocolate e Avelã",
        "Marca": "Nutella",
        "Preco": 2.95,
        "Unidade_Info": "0.2 Kg | 14,75 €/Kg",
        "Categorias_GTM": "Cremes para Barrar, Mercearia, Categoria Referência SFCC",
        "Data_Coleta": "2025-06-01 01:31:29"
    },
    {
        "ID_Produto": "757022",
        "Categoria_Scraping": "mercearia",
        "Nome": "Creme para Barrar de Cacau e Avelãs",
        "Marca": "Pingo Doce",
        "Preco": 2.45,
        "Unidade_Info": "0.4 Kg | 6,13 €/Kg",
        "Categorias_GTM": "As Nossas Marcas, Pingo Doce, Categoria Referência SFCC, Cremes para Barrar, Mercearia",
        "Data_Coleta": "2025-06-01 01:31:29"
    },
    {
        "ID_Produto": "980654",
        "Categoria_Scraping": "mercearia",
        "Nome": "Croissant Recheado com Chocolate",
        "Marca": "Dulca",
        "Preco": 1.99,
        "Unidade_Info": "0.32 Kg | 6,22 €/Kg",
        "Categorias_GTM": "Bolos e Tortas, Mercearia, Pão e Bolos Embalados, Categoria Referência SFCC, Poupe Este Fim De Semana",
        "Data_Coleta": "2025-06-01 01:31:29"
    },
    {
        "ID_Produto": "980655",
        "Categoria_Scraping": "mercearia",
        "Nome": "Croissant Simples",
        "Marca": "Dulca",
        "Preco": 1.99,
        "Unidade_Info": "0.3 Kg | 6,63 €/Kg",
        "Categorias_GTM": "Bolos e Tortas, Mercearia, Pão e Bolos Embalados, Categoria Referência SFCC",
        "Data_Coleta": "2025-06-01 01:31:29"
    },
    {
        "ID_Produto": "945745",
        "Categoria_Scraping": "mercearia",
        "Nome": "Croutons com Azeite",
        "Marca": "Pingo Doce",
        "Preco": 0.99,
        "Unidade_Info": "0.1 Kg | 9,9 €/Kg",
        "Categorias_GTM": "Aperitivos e Snacks, Mercearia, Tostas, Gressinos e Croutons, As Nossas Marcas, Pingo Doce",
        "Data_Coleta": "2025-06-01 01:31:29"
    },
    {
        "ID_Produto": "945236",
        "Categoria_Scraping": "mercearia",
        "Nome": "Croutons com Azeite e Alho",
        "Marca": "Pingo Doce",
        "Preco": 0.99,
        "Unidade_Info": "0.1 Kg | 9,9 €/Kg",
        "Categorias_GTM": "Aperitivos e Snacks, Mercearia, Tostas, Gressinos e Croutons, As Nossas Marcas, Pingo Doce",
        "Data_Coleta": "2025-06-01 01:31:29"
    },
    {
        "ID_Produto": "464789",
        "Categoria_Scraping": "mercearia",
        "Nome": "Doce de 4 Frutos",
        "Marca": "St. Dalfour",
        "Preco": 4.39,
        "Unidade_Info": "0.284 Kg | 15,46 €/Kg",
        "Categorias_GTM": "Categoria Referência SFCC, Compotas e Doces, Compotas e Doces, Mercearia",
        "Data_Coleta": "2025-06-01 01:31:38"
    },
    {
        "ID_Produto": "921790",
        "Categoria_Scraping": "mercearia",
        "Nome": "Doce de Frutos Vermelhos sem adição de Açúcar",
        "Marca": "Pingo Doce",
        "Preco": 2.59,
        "Unidade_Info": "0.245 Kg | 10,57 €/Kg",
        "Categorias_GTM": "As Nossas Marcas, Pingo Doce, Compotas e Doces, Compotas e Doces, Mercearia",
        "Data_Coleta": "2025-06-01 01:31:38"
    },
    {
        "ID_Produto": "748126",
        "Categoria_Scraping": "mercearia",
        "Nome": "Doce de Morango",
        "Marca": "Pingo Doce",
        "Preco": 1.39,
        "Unidade_Info": "0.355 Kg | 3,92 €/Kg",
        "Categorias_GTM": "Categoria Referência SFCC, Compotas e Doces, Compotas e Doces, Mercearia, As Nossas Marcas",
        "Data_Coleta": "2025-06-01 01:31:38"
    },
    {
        "ID_Produto": "464793",
        "Categoria_Scraping": "mercearia",
        "Nome": "Doce de Morango sem Açúcar",
        "Marca": "St. Dalfour",
        "Preco": 4.39,
        "Unidade_Info": "0.284 Kg | 15,46 €/Kg",
        "Categorias_GTM": "Categoria Referência SFCC, Compotas e Doces, Compotas e Doces, Mercearia",
        "Data_Coleta": "2025-06-01 01:31:38"
    },
    {
        "ID_Produto": "921791",
        "Categoria_Scraping": "mercearia",
        "Nome": "Doce de Morango sem adição de Açúcar",
        "Marca": "Pingo Doce",
        "Preco": 2.59,
        "Unidade_Info": "0.245 Kg | 10,57 €/Kg",
        "Categorias_GTM": "As Nossas Marcas, Pingo Doce, Compotas e Doces, Compotas e Doces, Mercearia",
        "Data_Coleta": "2025-06-01 01:31:38"
    },
    {
        "ID_Produto": "964613",
        "Categoria_Scraping": "mercearia",
        "Nome": "Drageias de Chocolate",
        "Marca": "Maltesers",
        "Preco": 4.49,
        "Unidade_Info": "0.135 Kg | 33,26 €/Kg",
        "Categorias_GTM": "Chocolates e Guloseimas, Mercearia, Snacks de Chocolate, Categoria Referência SFCC",
        "Data_Coleta": "2025-06-01 01:31:38"
    },
    {
        "ID_Produto": "765583",
        "Categoria_Scraping": "mercearia",
        "Nome": "Farinha Amido de Milho",
        "Marca": "Maizena",
        "Preco": 1.64,
        "Unidade_Info": "0.4 Kg | 4,1 €/Kg",
        "Categorias_GTM": "Farinha e Fermento, Mercearia, Categoria Referência SFCC, Poupe Esta Semana, Promoções",
        "Data_Coleta": "2025-06-01 01:31:38"
    },
    {
        "ID_Produto": "865268",
        "Categoria_Scraping": "mercearia",
        "Nome": "Farinha com Cacau e Alfarroba",
        "Marca": "Pensal",
        "Preco": 2.99,
        "Unidade_Info": "0.25 Kg | 11,96 €/Kg",
        "Categorias_GTM": "Cereais e Barras, Mercearia, Categoria Referência SFCC",
        "Data_Coleta": "2025-06-01 01:31:38"
    },
    {
        "ID_Produto": "952067",
        "Categoria_Scraping": "mercearia",
        "Nome": "Farinha de Amêndoa",
        "Marca": "Pingo Doce",
        "Preco": 2.99,
        "Unidade_Info": "0.2 Kg | 14,95 €/Kg",
        "Categorias_GTM": "As Nossas Marcas, Pingo Doce, Categoria Referência SFCC, Farinha e Fermento, Mercearia",
        "Data_Coleta": "2025-06-01 01:31:38"
    },
    {
        "ID_Produto": "104499",
        "Categoria_Scraping": "mercearia",
        "Nome": "Farinha de Mandioca",
        "Marca": "Ferbar",
        "Preco": 2.79,
        "Unidade_Info": "0.5 Kg | 5,58 €/Kg",
        "Categorias_GTM": "Farinha e Fermento, Mercearia, Categoria Referência SFCC",
        "Data_Coleta": "2025-06-01 01:31:38"
    },
    {
        "ID_Produto": "726416",
        "Categoria_Scraping": "mercearia",
        "Nome": "Farinha de Trigo T65 Sem Fermento",
        "Marca": "Pérola",
        "Preco": 0.69,
        "Unidade_Info": "1 Kg | 0,69 €/Kg",
        "Categorias_GTM": "Categoria Referência SFCC, Farinha e Fermento, Mercearia",
        "Data_Coleta": "2025-06-01 01:31:38"
    },
    {
        "ID_Produto": "4970",
        "Categoria_Scraping": "mercearia",
        "Nome": "Feijão Branco Cozido em Frasco",
        "Marca": "Pingo Doce",
        "Preco": 0.89,
        "Unidade_Info": "0.4 Kg | 2,23 €/Kg",
        "Categorias_GTM": "Categoria Referência SFCC, Conservas, Mercearia, As Nossas Marcas, Pingo Doce",
        "Data_Coleta": "2025-06-01 01:31:38"
    },
    {
        "ID_Produto": "353389",
        "Categoria_Scraping": "mercearia",
        "Nome": "Feijão Encarnado Cozido em Frasco",
        "Marca": "Pingo Doce",
        "Preco": 0.89,
        "Unidade_Info": "0.4 Kg | 2,23 €/Kg",
        "Categorias_GTM": "Categoria Referência SFCC, Conservas, Mercearia, As Nossas Marcas, Pingo Doce",
        "Data_Coleta": "2025-06-01 01:31:49"
    },
    {
        "ID_Produto": "510598",
        "Categoria_Scraping": "mercearia",
        "Nome": "Feijão Encarnado Cozido em Lata",
        "Marca": "Compal",
        "Preco": 2.09,
        "Unidade_Info": "0.468 Kg | 4,47 €/Kg",
        "Categorias_GTM": "Conservas, Mercearia, Categoria Referência SFCC",
        "Data_Coleta": "2025-06-01 01:31:49"
    },
    {
        "ID_Produto": "44621",
        "Categoria_Scraping": "mercearia",
        "Nome": "Feijão Encarnado em Lata",
        "Marca": "Pingo Doce",
        "Preco": 0.84,
        "Unidade_Info": "0.26 Kg | 3,23 €/Kg",
        "Categorias_GTM": "Conservas, Mercearia, Categoria Referência SFCC, As Nossas Marcas, Pingo Doce",
        "Data_Coleta": "2025-06-01 01:31:49"
    },
    {
        "ID_Produto": "353391",
        "Categoria_Scraping": "mercearia",
        "Nome": "Feijão Frade Cozido em Frasco",
        "Marca": "Pingo Doce",
        "Preco": 0.89,
        "Unidade_Info": "0.4 Kg | 2,23 €/Kg",
        "Categorias_GTM": "As Nossas Marcas, Pingo Doce, Conservas, Mercearia, Categoria Referência SFCC",
        "Data_Coleta": "2025-06-01 01:31:49"
    },
    {
        "ID_Produto": "471142",
        "Categoria_Scraping": "mercearia",
        "Nome": "Feijão Frade Cozido em Lata",
        "Marca": "Compal",
        "Preco": 1.39,
        "Unidade_Info": "0.234 Kg | 5,94 €/Kg",
        "Categorias_GTM": "Categoria Referência SFCC, Conservas, Mercearia",
        "Data_Coleta": "2025-06-01 01:31:49"
    },
    {
        "ID_Produto": "44521",
        "Categoria_Scraping": "mercearia",
        "Nome": "Feijão Frade em Lata",
        "Marca": "Pingo Doce",
        "Preco": 0.84,
        "Unidade_Info": "0.26 Kg | 3,23 €/Kg",
        "Categorias_GTM": "Conservas, Mercearia, Categoria Referência SFCC, As Nossas Marcas, Pingo Doce",
        "Data_Coleta": "2025-06-01 01:31:49"
    },
    {
        "ID_Produto": "760269",
        "Categoria_Scraping": "mercearia",
        "Nome": "Feijão Frade Lata",
        "Marca": "Pingo Doce",
        "Preco": 1.19,
        "Unidade_Info": "0.52 Kg | 2,29 €/Kg",
        "Categorias_GTM": "Conservas, Mercearia, Categoria Referência SFCC, As Nossas Marcas, Pingo Doce",
        "Data_Coleta": "2025-06-01 01:31:49"
    },
    {
        "ID_Produto": "510445",
        "Categoria_Scraping": "mercearia",
        "Nome": "Feijão Manteiga Cozido em Lata",
        "Marca": "Compal",
        "Preco": 2.09,
        "Unidade_Info": "0.468 Kg | 4,47 €/Kg",
        "Categorias_GTM": "Categoria Referência SFCC, Conservas, Mercearia",
        "Data_Coleta": "2025-06-01 01:31:49"
    },
    {
        "ID_Produto": "44518",
        "Categoria_Scraping": "mercearia",
        "Nome": "Feijão Manteiga em Lata",
        "Marca": "Pingo Doce",
        "Preco": 0.84,
        "Unidade_Info": "0.26 Kg | 3,23 €/Kg",
        "Categorias_GTM": "Conservas, Mercearia, Categoria Referência SFCC, As Nossas Marcas, Pingo Doce",
        "Data_Coleta": "2025-06-01 01:31:49"
    },
    {
        "ID_Produto": "906317",
        "Categoria_Scraping": "mercearia",
        "Nome": "Feijão Manteiga Seco",
        "Marca": "Pingo Doce",
        "Preco": 1.39,
        "Unidade_Info": "0.5 Kg | 2,78 €/Kg",
        "Categorias_GTM": "Leguminosas, Mercearia, As Nossas Marcas, Pingo Doce, Categoria Referência SFCC",
        "Data_Coleta": "2025-06-01 01:31:49"
    },
    {
        "ID_Produto": "510601",
        "Categoria_Scraping": "mercearia",
        "Nome": "Feijão Preto Cozido em Lata",
        "Marca": "Compal",
        "Preco": 2.09,
        "Unidade_Info": "0.468 Kg | 4,47 €/Kg",
        "Categorias_GTM": "Categoria Referência SFCC, Conservas, Mercearia",
        "Data_Coleta": "2025-06-01 01:31:49"
    },
    {
        "ID_Produto": "467763",
        "Categoria_Scraping": "mercearia",
        "Nome": "Feijão Preto Cozido em Lata",
        "Marca": "Compal",
        "Preco": 1.39,
        "Unidade_Info": "0.234 Kg | 5,94 €/Kg",
        "Categorias_GTM": "Categoria Referência SFCC, Mercearia, Conservas",
        "Data_Coleta": "2025-06-01 01:31:49"
    },
    {
        "ID_Produto": "906318",
        "Categoria_Scraping": "mercearia",
        "Nome": "Feijão Preto Seco",
        "Marca": "Pingo Doce",
        "Preco": 0.99,
        "Unidade_Info": "0.5 Kg | 1,98 €/Kg",
        "Categorias_GTM": "As Nossas Marcas, Pingo Doce, Leguminosas, Mercearia, Categoria Referência SFCC",
        "Data_Coleta": "2025-06-01 01:31:58"
    },
    {
        "ID_Produto": "822546",
        "Categoria_Scraping": "mercearia",
        "Nome": "Feijoada Transmontana em Lata",
        "Marca": "À Mesa de Portugal",
        "Preco": 2.49,
        "Unidade_Info": "0.42 Kg | 5,93 €/Kg",
        "Categorias_GTM": "Conservas, Mercearia, Categoria Referência SFCC",
        "Data_Coleta": "2025-06-01 01:31:58"
    },
    {
        "ID_Produto": "26065",
        "Categoria_Scraping": "mercearia",
        "Nome": "Feijões Cozidos em Molho de Tomate em Lata",
        "Marca": "Heinz",
        "Preco": 1.99,
        "Unidade_Info": "0.415 Kg | 4,8 €/Kg",
        "Categorias_GTM": "Conservas, Mercearia, Categoria Referência SFCC",
        "Data_Coleta": "2025-06-01 01:31:58"
    },
    {
        "ID_Produto": "924371",
        "Categoria_Scraping": "mercearia",
        "Nome": "Fermento de Padeiro",
        "Marca": "Fermipan",
        "Preco": 1.99,
        "Unidade_Info": "0.044 Kg | 45,23 €/Kg",
        "Categorias_GTM": "Categoria Referência SFCC, Mercearia, Sobremesas",
        "Data_Coleta": "2025-06-01 01:31:58"
    },
    {
        "ID_Produto": "15880",
        "Categoria_Scraping": "mercearia",
        "Nome": "Fermento em Pó",
        "Marca": "Royal",
        "Preco": 2.29,
        "Unidade_Info": "0.113 Kg | 20,27 €/Kg",
        "Categorias_GTM": "Mercearia, Sobremesas, Categoria Referência SFCC",
        "Data_Coleta": "2025-06-01 01:31:58"
    },
    {
        "ID_Produto": "758820",
        "Categoria_Scraping": "mercearia",
        "Nome": "Fermento em Pó",
        "Marca": "Pingo Doce",
        "Preco": 1.19,
        "Unidade_Info": "0.15 Kg | 7,93 €/Kg",
        "Categorias_GTM": "Categoria Referência SFCC, Mercearia, Sobremesas, As Nossas Marcas, Pingo Doce",
        "Data_Coleta": "2025-06-01 01:31:58"
    },
    {
        "ID_Produto": "913710",
        "Categoria_Scraping": "mercearia",
        "Nome": "Filetes de Cavala em Azeite",
        "Marca": "Vasco da Gama",
        "Preco": 2.55,
        "Unidade_Info": "0.084 Kg | 30,36 €/Kg",
        "Categorias_GTM": "Conservas, Mercearia, Sardinhas e Outros Peixes, Categoria Referência SFCC",
        "Data_Coleta": "2025-06-01 01:31:58"
    },
    {
        "ID_Produto": "856736",
        "Categoria_Scraping": "mercearia",
        "Nome": "Flocos de Aveia 100% Integral",
        "Marca": "Quaker",
        "Preco": 1.49,
        "Unidade_Info": "0.5 Kg | 2,98 €/Kg",
        "Categorias_GTM": "Cereais e Barras, Linha e Fibra, Mercearia, Categoria Referência SFCC, Poupe Este Fim De Semana",
        "Data_Coleta": "2025-06-01 01:31:58"
    },
    {
        "ID_Produto": "936549",
        "Categoria_Scraping": "mercearia",
        "Nome": "Granola 3 Chocolates",
        "Marca": "Pingo Doce",
        "Preco": 2.99,
        "Unidade_Info": "0.5 Kg | 5,98 €/Kg",
        "Categorias_GTM": "Cereais e Barras, Mercearia, Muesli e Granola, Categoria Referência SFCC, As Nossas Marcas",
        "Data_Coleta": "2025-06-01 01:31:58"
    },
    {
        "ID_Produto": "830749",
        "Categoria_Scraping": "mercearia",
        "Nome": "Granola de Aveia com Chocolate",
        "Marca": "Fitness",
        "Preco": 3.29,
        "Unidade_Info": "0.3 Kg | 10,97 €/Kg",
        "Categorias_GTM": "Cereais e Barras, Mercearia, Muesli e Granola, Categoria Referência SFCC, Poupe Esta Semana",
        "Data_Coleta": "2025-06-01 01:31:58"
    },
    {
        "ID_Produto": "830748",
        "Categoria_Scraping": "mercearia",
        "Nome": "Granola de Aveia com Mel",
        "Marca": "Fitness",
        "Preco": 3.29,
        "Unidade_Info": "0.3 Kg | 10,97 €/Kg",
        "Categorias_GTM": "Cereais e Barras, Mercearia, Muesli e Granola, Poupe Esta Semana, Promoções",
        "Data_Coleta": "2025-06-01 01:31:58"
    },
    {
        "ID_Produto": "510603",
        "Categoria_Scraping": "mercearia",
        "Nome": "Grão Cozido em Lata",
        "Marca": "Compal",
        "Preco": 2.09,
        "Unidade_Info": "0.468 Kg | 4,47 €/Kg",
        "Categorias_GTM": "Categoria Referência SFCC, Conservas, Mercearia",
        "Data_Coleta": "2025-06-01 01:31:58"
    },
    {
        "ID_Produto": "470896",
        "Categoria_Scraping": "mercearia",
        "Nome": "Grão de Bico Cozido em Lata",
        "Marca": "Compal",
        "Preco": 1.39,
        "Unidade_Info": "0.234 Kg | 5,94 €/Kg",
        "Categorias_GTM": "Conservas, Mercearia, Categoria Referência SFCC",
        "Data_Coleta": "2025-06-01 01:32:09"
    },
    {
        "ID_Produto": "44611",
        "Categoria_Scraping": "mercearia",
        "Nome": "Grão de Bico em Lata",
        "Marca": "Pingo Doce",
        "Preco": 0.84,
        "Unidade_Info": "0.26 Kg | 3,23 €/Kg",
        "Categorias_GTM": "Categoria Referência SFCC, Conservas, Mercearia, As Nossas Marcas, Pingo Doce",
        "Data_Coleta": "2025-06-01 01:32:09"
    },
    {
        "ID_Produto": "906319",
        "Categoria_Scraping": "mercearia",
        "Nome": "Grão de Bico Seco",
        "Marca": "Pingo Doce",
        "Preco": 0.95,
        "Unidade_Info": "0.5 Kg | 1,9 €/Kg",
        "Categorias_GTM": "Leguminosas, Mercearia, As Nossas Marcas, Pingo Doce, Categoria Referência SFCC",
        "Data_Coleta": "2025-06-01 01:32:09"
    },
    {
        "ID_Produto": "541455",
        "Categoria_Scraping": "mercearia",
        "Nome": "Infusão de Camomila Saquetas",
        "Marca": "Lipton",
        "Preco": 2.3,
        "Unidade_Info": "20 Un | 0,12 €/Un",
        "Categorias_GTM": "Categoria Referência SFCC, Café, Chá e Bebidas Quentes, Chá e Infusões, Mercearia",
        "Data_Coleta": "2025-06-01 01:32:09"
    },
    {
        "ID_Produto": "690946",
        "Categoria_Scraping": "mercearia",
        "Nome": "Infusão de Camomila Saquetas",
        "Marca": "Pingo Doce",
        "Preco": 0.79,
        "Unidade_Info": "25 Un | 0,03 €/Un",
        "Categorias_GTM": "Categoria Referência SFCC, Café, Chá e Bebidas Quentes, Chá e Infusões, Mercearia, As Nossas Marcas",
        "Data_Coleta": "2025-06-01 01:32:09"
    },
    {
        "ID_Produto": "690945",
        "Categoria_Scraping": "mercearia",
        "Nome": "Infusão de Cidreira Saquetas",
        "Marca": "Pingo Doce",
        "Preco": 1.05,
        "Unidade_Info": "25 Un | 0,04 €/Un",
        "Categorias_GTM": "As Nossas Marcas, Pingo Doce, Categoria Referência SFCC, Café, Chá e Bebidas Quentes, Chá e Infusões",
        "Data_Coleta": "2025-06-01 01:32:09"
    },
    {
        "ID_Produto": "541910",
        "Categoria_Scraping": "mercearia",
        "Nome": "Infusão de Cidreira Saquetas",
        "Marca": "Lipton",
        "Preco": 2.3,
        "Unidade_Info": "20 Un | 0,12 €/Un",
        "Categorias_GTM": "Categoria Referência SFCC, Café, Chá e Bebidas Quentes, Chá e Infusões, Mercearia",
        "Data_Coleta": "2025-06-01 01:32:09"
    },
    {
        "ID_Produto": "803935",
        "Categoria_Scraping": "mercearia",
        "Nome": "Infusão de Limão e Gengibre Saquetas",
        "Marca": "Lipton",
        "Preco": 3.39,
        "Unidade_Info": "20 Un | 0,17 €/Un",
        "Categorias_GTM": "Café, Chá e Bebidas Quentes, Chá e Infusões, Mercearia, Categoria Referência SFCC",
        "Data_Coleta": "2025-06-01 01:32:09"
    },
    {
        "ID_Produto": "755145",
        "Categoria_Scraping": "mercearia",
        "Nome": "Ketchup Top Down",
        "Marca": "Calvé",
        "Preco": 2.59,
        "Unidade_Info": "0.55 Kg | 4,71 €/Kg",
        "Categorias_GTM": "Categoria Referência SFCC, Maionese, Mostarda e Ketchup, Mercearia, Temperos, Poupe Esta Semana",
        "Data_Coleta": "2025-06-01 01:32:09"
    },
    {
        "ID_Produto": "483968",
        "Categoria_Scraping": "mercearia",
        "Nome": "Ketchup Top Down",
        "Marca": "Heinz",
        "Preco": 4.69,
        "Unidade_Info": "0.46 Kg | 10,2 €/Kg",
        "Categorias_GTM": "Categoria Referência SFCC, Maionese, Mostarda e Ketchup, Mercearia, Temperos",
        "Data_Coleta": "2025-06-01 01:32:09"
    },
    {
        "ID_Produto": "764927",
        "Categoria_Scraping": "mercearia",
        "Nome": "Ketchup Top Down",
        "Marca": "Pingo Doce",
        "Preco": 1.15,
        "Unidade_Info": "0.56 Kg | 2,05 €/Kg",
        "Categorias_GTM": "Maionese, Mostarda e Ketchup, Mercearia, Temperos, Categoria Referência SFCC, As Nossas Marcas",
        "Data_Coleta": "2025-06-01 01:32:09"
    },
    {
        "ID_Produto": "815139",
        "Categoria_Scraping": "mercearia",
        "Nome": "Leite Condensado Cozido",
        "Marca": "Pingo Doce",
        "Preco": 1.79,
        "Unidade_Info": "0.385 Kg | 4,65 €/Kg",
        "Categorias_GTM": "As Nossas Marcas, Pingo Doce, Categoria Referência SFCC, Leite Condensado e Leite de Coco, Mercearia",
        "Data_Coleta": "2025-06-01 01:32:09"
    },
    {
        "ID_Produto": "542068",
        "Categoria_Scraping": "mercearia",
        "Nome": "Leite Condensado Cozido",
        "Marca": "Nestlé",
        "Preco": 2.34,
        "Unidade_Info": "0.397 Kg | 5,89 €/Kg",
        "Categorias_GTM": "Categoria Referência SFCC, Leite Condensado e Leite de Coco, Mercearia, Sobremesas, Poupe Este Fim De Semana",
        "Data_Coleta": "2025-06-01 01:32:18"
    },
    {
        "ID_Produto": "41898",
        "Categoria_Scraping": "mercearia",
        "Nome": "Leite Condensado Tradicional",
        "Marca": "Nestlé",
        "Preco": 2.28,
        "Unidade_Info": "0.37 Kg | 6,16 €/Kg",
        "Categorias_GTM": "Leite Condensado e Leite de Coco, Mercearia, Sobremesas, Categoria Referência SFCC, Poupe Este Fim De Semana",
        "Data_Coleta": "2025-06-01 01:32:18"
    },
    {
        "ID_Produto": "629580",
        "Categoria_Scraping": "mercearia",
        "Nome": "Leite de Coco",
        "Marca": "Ayam",
        "Preco": 1.69,
        "Unidade_Info": "0.2 L | 8,45 €/L",
        "Categorias_GTM": "Categoria Referência SFCC, Leite Condensado e Leite de Coco, Mercearia, Sobremesas",
        "Data_Coleta": "2025-06-01 01:32:18"
    },
    {
        "ID_Produto": "909476",
        "Categoria_Scraping": "mercearia",
        "Nome": "Lentilhas Cozidas em Frasco",
        "Marca": "Pingo Doce",
        "Preco": 0.89,
        "Unidade_Info": "0.4 Kg | 2,23 €/Kg",
        "Categorias_GTM": "As Nossas Marcas, Pingo Doce, Conservas, Mercearia, Categoria Referência SFCC",
        "Data_Coleta": "2025-06-01 01:32:18"
    },
    {
        "ID_Produto": "765402",
        "Categoria_Scraping": "mercearia",
        "Nome": "Línguas de Gato",
        "Marca": "Pingo Doce",
        "Preco": 0.79,
        "Unidade_Info": "0.2 Kg | 3,95 €/Kg",
        "Categorias_GTM": "Categoria Referência SFCC, Bolachas, Mercearia, Pepitas, Cobertas e Recheadas, As Nossas Marcas",
        "Data_Coleta": "2025-06-01 01:32:18"
    },
    {
        "ID_Produto": "822115",
        "Categoria_Scraping": "mercearia",
        "Nome": "Maionese Deliciosa em Frasco",
        "Marca": "Heinz",
        "Preco": 4.89,
        "Unidade_Info": "0.48 L | 10,19 €/L",
        "Categorias_GTM": "Categoria Referência SFCC, Maionese, Mostarda e Ketchup, Mercearia, Temperos",
        "Data_Coleta": "2025-06-01 01:32:18"
    },
    {
        "ID_Produto": "771216",
        "Categoria_Scraping": "mercearia",
        "Nome": "Maionese Light Top Down",
        "Marca": "Pingo Doce",
        "Preco": 1.59,
        "Unidade_Info": "0.47 Kg | 3,38 €/Kg",
        "Categorias_GTM": "Categoria Referência SFCC, Maionese, Mostarda e Ketchup, Mercearia, Temperos, As Nossas Marcas",
        "Data_Coleta": "2025-06-01 01:32:18"
    },
    {
        "ID_Produto": "776562",
        "Categoria_Scraping": "mercearia",
        "Nome": "Maionese Top Down",
        "Marca": "Calvé",
        "Preco": 3.49,
        "Unidade_Info": "0.753 Kg | 4,63 €/Kg",
        "Categorias_GTM": "Categoria Referência SFCC, Promoções, Maionese, Mostarda e Ketchup, Mercearia, Temperos",
        "Data_Coleta": "2025-06-01 01:32:18"
    },
    {
        "ID_Produto": "979370",
        "Categoria_Scraping": "mercearia",
        "Nome": "Maionese Top Down",
        "Marca": "Pingo Doce",
        "Preco": 1.74,
        "Unidade_Info": "0.42 L | 4,14 €/L",
        "Categorias_GTM": "As Nossas Marcas, Pingo Doce, Maionese, Mostarda e Ketchup, Mercearia, Temperos",
        "Data_Coleta": "2025-06-01 01:32:18"
    },
    {
        "ID_Produto": "769849",
        "Categoria_Scraping": "mercearia",
        "Nome": "Maionese Top Down",
        "Marca": "Hellmann's",
        "Preco": 4.19,
        "Unidade_Info": "0.412 Kg | 10,17 €/Kg",
        "Categorias_GTM": "N/A",
        "Data_Coleta": "2025-06-01 01:32:18"
    },
    {
        "ID_Produto": "902732",
        "Categoria_Scraping": "mercearia",
        "Nome": "Manteiga de Amendoim com Pedaços",
        "Marca": "Pingo Doce",
        "Preco": 1.79,
        "Unidade_Info": "0.34 Kg | 5,26 €/Kg",
        "Categorias_GTM": "As Nossas Marcas, Pingo Doce, Categoria Referência SFCC, Cremes para Barrar, Mercearia",
        "Data_Coleta": "2025-06-01 01:32:18"
    },
    {
        "ID_Produto": "903053",
        "Categoria_Scraping": "mercearia",
        "Nome": "Marmelada Extra",
        "Marca": "Pingo Doce",
        "Preco": 1.49,
        "Unidade_Info": "0.45 Kg | 3,31 €/Kg",
        "Categorias_GTM": "Mercearia, Compotas e Doces, Compotas e Doces, As Nossas Marcas, Pingo Doce",
        "Data_Coleta": "2025-06-01 01:32:18"
    },
    {
        "ID_Produto": "477478",
        "Categoria_Scraping": "mercearia",
        "Nome": "Massa Bagos Pingo Doce",
        "Marca": "Pingo Doce",
        "Preco": 0.55,
        "Unidade_Info": "0.25 Kg | 2,2 €/Kg",
        "Categorias_GTM": "Arroz e Massa, Massa, Mercearia, Categoria Referência SFCC, As Nossas Marcas",
        "Data_Coleta": "2025-06-01 01:32:28"
    },
    {
        "ID_Produto": "899659",
        "Categoria_Scraping": "mercearia",
        "Nome": "Massa Bavette",
        "Marca": "Barilla",
        "Preco": 2.19,
        "Unidade_Info": "0.5 Kg | 4,38 €/Kg",
        "Categorias_GTM": "Categoria Referência SFCC, Arroz e Massa, Massa, Mercearia",
        "Data_Coleta": "2025-06-01 01:32:28"
    },
    {
        "ID_Produto": "762320",
        "Categoria_Scraping": "mercearia",
        "Nome": "Massa Cotovelinhos",
        "Marca": "Pingo Doce",
        "Preco": 0.79,
        "Unidade_Info": "0.5 Kg | 1,58 €/Kg",
        "Categorias_GTM": "As Nossas Marcas, Pingo Doce, Categoria Referência SFCC, Arroz e Massa, Massa",
        "Data_Coleta": "2025-06-01 01:32:28"
    },
    {
        "ID_Produto": "659489",
        "Categoria_Scraping": "mercearia",
        "Nome": "Massa Curvas Riscadas",
        "Marca": "Pingo Doce",
        "Preco": 0.79,
        "Unidade_Info": "0.5 Kg | 1,58 €/Kg",
        "Categorias_GTM": "As Nossas Marcas, Pingo Doce, Categoria Referência SFCC, Arroz e Massa, Massa",
        "Data_Coleta": "2025-06-01 01:32:28"
    },
    {
        "ID_Produto": "400298",
        "Categoria_Scraping": "mercearia",
        "Nome": "Massa de Alho",
        "Marca": "Pingo Doce",
        "Preco": 0.85,
        "Unidade_Info": "0.2 L | 4,25 €/L",
        "Categorias_GTM": "Mercearia, Outros Molhos e Temperos, Temperos, As Nossas Marcas, Pingo Doce",
        "Data_Coleta": "2025-06-01 01:32:28"
    },
    {
        "ID_Produto": "979188",
        "Categoria_Scraping": "mercearia",
        "Nome": "Massa de Pimentão",
        "Marca": "Mathos",
        "Preco": 0.89,
        "Unidade_Info": "0.2 Kg | 4,45 €/Kg",
        "Categorias_GTM": "Mercearia, Outros Molhos e Temperos, Temperos, Categoria Referência SFCC",
        "Data_Coleta": "2025-06-01 01:32:28"
    },
    {
        "ID_Produto": "732819",
        "Categoria_Scraping": "mercearia",
        "Nome": "Massa Esparguete Tricolor",
        "Marca": "Milaneza",
        "Preco": 1.26,
        "Unidade_Info": "0.5 Kg | 2,52 €/Kg",
        "Categorias_GTM": "Categoria Referência SFCC, Arroz e Massa, Massa, Mercearia, Poupe Esta Semana",
        "Data_Coleta": "2025-06-01 01:32:28"
    },
    {
        "ID_Produto": "740332",
        "Categoria_Scraping": "mercearia",
        "Nome": "Massa Farfalle Laços",
        "Marca": "Milaneza",
        "Preco": 1.44,
        "Unidade_Info": "0.5 Kg | 2,88 €/Kg",
        "Categorias_GTM": "Categoria Referência SFCC, Arroz e Massa, Massa, Mercearia",
        "Data_Coleta": "2025-06-01 01:32:28"
    },
    {
        "ID_Produto": "725251",
        "Categoria_Scraping": "mercearia",
        "Nome": "Massa Farfalle Laços Tricolor",
        "Marca": "Milaneza",
        "Preco": 1.26,
        "Unidade_Info": "0.5 Kg | 2,52 €/Kg",
        "Categorias_GTM": "Categoria Referência SFCC, Arroz e Massa, Massa, Mercearia, Poupe Este Fim De Semana",
        "Data_Coleta": "2025-06-01 01:32:28"
    },
    {
        "ID_Produto": "104547",
        "Categoria_Scraping": "mercearia",
        "Nome": "Massa Fettuccine",
        "Marca": "Milaneza",
        "Preco": 1.44,
        "Unidade_Info": "0.5 Kg | 2,88 €/Kg",
        "Categorias_GTM": "Arroz e Massa, Massa, Mercearia, Categoria Referência SFCC",
        "Data_Coleta": "2025-06-01 01:32:28"
    },
    {
        "ID_Produto": "905192",
        "Categoria_Scraping": "mercearia",
        "Nome": "Massa Fusilli",
        "Marca": "Barilla",
        "Preco": 2.19,
        "Unidade_Info": "0.5 Kg | 4,38 €/Kg",
        "Categorias_GTM": "Arroz e Massa, Massa, Mercearia, Categoria Referência SFCC",
        "Data_Coleta": "2025-06-01 01:32:28"
    },
    {
        "ID_Produto": "827173",
        "Categoria_Scraping": "mercearia",
        "Nome": "Massa Fusilli Tricolor",
        "Marca": "Milaneza",
        "Preco": 1.26,
        "Unidade_Info": "0.5 Kg | 2,52 €/Kg",
        "Categorias_GTM": "Poupe Esta Semana, Promoções, Categoria Referência SFCC, Arroz e Massa, Massa",
        "Data_Coleta": "2025-06-01 01:32:28"
    },
    {
        "ID_Produto": "910415",
        "Categoria_Scraping": "mercearia",
        "Nome": "Massa Lasanha",
        "Marca": "Pingo Doce",
        "Preco": 1.39,
        "Unidade_Info": "0.5 Kg | 2,78 €/Kg",
        "Categorias_GTM": "Arroz e Massa, Massa, Mercearia, As Nossas Marcas, Pingo Doce",
        "Data_Coleta": "2025-06-01 01:32:38"
    },
    {
        "ID_Produto": "863826",
        "Categoria_Scraping": "mercearia",
        "Nome": "Massa Letras",
        "Marca": "Pingo Doce",
        "Preco": 0.55,
        "Unidade_Info": "0.25 Kg | 2,2 €/Kg",
        "Categorias_GTM": "Arroz e Massa, Massa, Mercearia, As Nossas Marcas, Pingo Doce",
        "Data_Coleta": "2025-06-01 01:32:38"
    },
    {
        "ID_Produto": "658069",
        "Categoria_Scraping": "mercearia",
        "Nome": "Massa Linguine",
        "Marca": "Milaneza",
        "Preco": 1.44,
        "Unidade_Info": "0.5 Kg | 2,88 €/Kg",
        "Categorias_GTM": "Categoria Referência SFCC, Arroz e Massa, Massa, Mercearia",
        "Data_Coleta": "2025-06-01 01:32:38"
    },
    {
        "ID_Produto": "721765",
        "Categoria_Scraping": "mercearia",
        "Nome": "Massa Linguine com Tinta de Choco Al Nero di Seppia",
        "Marca": "Milaneza",
        "Preco": 2.85,
        "Unidade_Info": "0.5 Kg | 5,7 €/Kg",
        "Categorias_GTM": "Categoria Referência SFCC, Arroz e Massa, Massa, Mercearia",
        "Data_Coleta": "2025-06-01 01:32:38"
    },
    {
        "ID_Produto": "834106",
        "Categoria_Scraping": "mercearia",
        "Nome": "Massa Macarrão Riscado",
        "Marca": "Nacional",
        "Preco": 0.89,
        "Unidade_Info": "0.5 Kg | 1,78 €/Kg",
        "Categorias_GTM": "Poupe Esta Semana, Promoções, Categoria Referência SFCC, Arroz e Massa, Massa",
        "Data_Coleta": "2025-06-01 01:32:38"
    },
    {
        "ID_Produto": "724108",
        "Categoria_Scraping": "mercearia",
        "Nome": "Massa Macarronete Penne Grande Riscado",
        "Marca": "Milaneza",
        "Preco": 1.31,
        "Unidade_Info": "0.5 Kg | 2,62 €/Kg",
        "Categorias_GTM": "Categoria Referência SFCC, Arroz e Massa, Massa, Mercearia",
        "Data_Coleta": "2025-06-01 01:32:38"
    },
    {
        "ID_Produto": "666238",
        "Categoria_Scraping": "mercearia",
        "Nome": "Massa Macarronete Riscado",
        "Marca": "Milaneza",
        "Preco": 1.57,
        "Unidade_Info": "0.5 Kg | 3,14 €/Kg",
        "Categorias_GTM": "Categoria Referência SFCC, Arroz e Massa, Massa, Mercearia",
        "Data_Coleta": "2025-06-01 01:32:38"
    },
    {
        "ID_Produto": "963899",
        "Categoria_Scraping": "mercearia",
        "Nome": "Massa Noodles Wok",
        "Marca": "Milaneza",
        "Preco": 1.98,
        "Unidade_Info": "0.25 Kg | 7,92 €/Kg",
        "Categorias_GTM": "Arroz e Massa, Massa, Mercearia, Categoria Referência SFCC",
        "Data_Coleta": "2025-06-01 01:32:38"
    },
    {
        "ID_Produto": "907063",
        "Categoria_Scraping": "mercearia",
        "Nome": "Massa Penne Rigate",
        "Marca": "Barilla",
        "Preco": 2.19,
        "Unidade_Info": "0.5 Kg | 4,38 €/Kg",
        "Categorias_GTM": "Arroz e Massa, Massa, Mercearia, Categoria Referência SFCC",
        "Data_Coleta": "2025-06-01 01:32:38"
    },
    {
        "ID_Produto": "928568",
        "Categoria_Scraping": "mercearia",
        "Nome": "Massa Tagliatelle",
        "Marca": "Barilla",
        "Preco": 3.49,
        "Unidade_Info": "0.5 Kg | 6,98 €/Kg",
        "Categorias_GTM": "Arroz e Massa, Massa, Mercearia, Categoria Referência SFCC",
        "Data_Coleta": "2025-06-01 01:32:38"
    },
    {
        "ID_Produto": "910416",
        "Categoria_Scraping": "mercearia",
        "Nome": "Massa Tagliatelle Nido",
        "Marca": "Pingo Doce",
        "Preco": 1.39,
        "Unidade_Info": "0.5 Kg | 2,78 €/Kg",
        "Categorias_GTM": "As Nossas Marcas, Pingo Doce, Arroz e Massa, Massa, Mercearia",
        "Data_Coleta": "2025-06-01 01:32:38"
    },
    {
        "ID_Produto": "698060",
        "Categoria_Scraping": "mercearia",
        "Nome": "Mel de Rosmaninho",
        "Marca": "Serramel",
        "Preco": 5.89,
        "Unidade_Info": "0.5 Kg | 11,78 €/Kg",
        "Categorias_GTM": "Categoria Referência SFCC, Compotas e Doces, Mel, Mercearia",
        "Data_Coleta": "2025-06-01 01:32:38"
    },
    {
        "ID_Produto": "375832",
        "Categoria_Scraping": "mercearia",
        "Nome": "Milho Doce em Lata",
        "Marca": "Bonduelle",
        "Preco": 3.99,
        "Unidade_Info": "0.42 Kg | 9,5 €/Kg",
        "Categorias_GTM": "Cogumelos e Outros Vegetais, Conservas, Mercearia, Categoria Referência SFCC",
        "Data_Coleta": "2025-06-01 01:32:48"
    },
    {
        "ID_Produto": "836606",
        "Categoria_Scraping": "mercearia",
        "Nome": "Milho Doce em Lata",
        "Marca": "Bonduelle",
        "Preco": 2.74,
        "Unidade_Info": "0.21 Kg | 13,05 €/Kg",
        "Categorias_GTM": "Cogumelos e Outros Vegetais, Conservas, Mercearia, Categoria Referência SFCC",
        "Data_Coleta": "2025-06-01 01:32:48"
    },
    {
        "ID_Produto": "950873",
        "Categoria_Scraping": "mercearia",
        "Nome": "Mini Bolachas Salgadas",
        "Marca": "Pingo Doce",
        "Preco": 1.29,
        "Unidade_Info": "0.35 Kg | 3,69 €/Kg",
        "Categorias_GTM": "As Nossas Marcas, Pingo Doce, Categoria Referência SFCC, Bolachas, Mercearia",
        "Data_Coleta": "2025-06-01 01:32:48"
    },
    {
        "ID_Produto": "548735",
        "Categoria_Scraping": "mercearia",
        "Nome": "Mini Tostas de Trigo",
        "Marca": "Pingo Doce",
        "Preco": 2.09,
        "Unidade_Info": "0.35 Kg | 5,97 €/Kg",
        "Categorias_GTM": "Categoria Referência SFCC, Aperitivos e Snacks, Mercearia, Tostas, Gressinos e Croutons, As Nossas Marcas",
        "Data_Coleta": "2025-06-01 01:32:48"
    },
    {
        "ID_Produto": "531034",
        "Categoria_Scraping": "mercearia",
        "Nome": "Mini Tostas Extrafinas de Trigo",
        "Marca": "Pingo Doce",
        "Preco": 1.34,
        "Unidade_Info": "0.1 Kg | 13,4 €/Kg",
        "Categorias_GTM": "Categoria Referência SFCC, Aperitivos e Snacks, Mercearia, Tostas, Gressinos e Croutons, As Nossas Marcas",
        "Data_Coleta": "2025-06-01 01:32:48"
    },
    {
        "ID_Produto": "531033",
        "Categoria_Scraping": "mercearia",
        "Nome": "Mini Tostas Extrafinas de Trigo Integral",
        "Marca": "Pingo Doce",
        "Preco": 1.34,
        "Unidade_Info": "0.1 Kg | 13,4 €/Kg",
        "Categorias_GTM": "Categoria Referência SFCC, Aperitivos e Snacks, Mercearia, Tostas, Gressinos e Croutons, As Nossas Marcas",
        "Data_Coleta": "2025-06-01 01:32:48"
    },
    {
        "ID_Produto": "874262",
        "Categoria_Scraping": "mercearia",
        "Nome": "Miolo de Avelã Torrada",
        "Marca": "Frutorra",
        "Preco": 3.49,
        "Unidade_Info": "0.2 Kg | 17,45 €/Kg",
        "Categorias_GTM": "Categoria Referência SFCC, Aperitivos e Snacks, Frutos Secos e Desidratados, Mercearia, Poupe Esta Semana",
        "Data_Coleta": "2025-06-01 01:32:48"
    },
    {
        "ID_Produto": "838429",
        "Categoria_Scraping": "mercearia",
        "Nome": "Miolo de Noz do Chile Metades",
        "Marca": "Frutorra",
        "Preco": 2.39,
        "Unidade_Info": "0.125 Kg | 19,12 €/Kg",
        "Categorias_GTM": "Aperitivos e Snacks, Frutos Secos e Desidratados, Mercearia, Poupe Esta Semana, Promoções",
        "Data_Coleta": "2025-06-01 01:32:48"
    },
    {
        "ID_Produto": "959125",
        "Categoria_Scraping": "mercearia",
        "Nome": "Mix Frutos Secos Natural",
        "Marca": "Pingo Doce",
        "Preco": 2.49,
        "Unidade_Info": "0.2 Kg | 12,45 €/Kg",
        "Categorias_GTM": "As Nossas Marcas, Pingo Doce, Aperitivos e Snacks, Frutos Secos e Desidratados, Mercearia",
        "Data_Coleta": "2025-06-01 01:32:48"
    },
    {
        "ID_Produto": "639674",
        "Categoria_Scraping": "mercearia",
        "Nome": "Molho Basílico",
        "Marca": "Barilla",
        "Preco": 4.79,
        "Unidade_Info": "0.4 Kg | 11,98 €/Kg",
        "Categorias_GTM": "Categoria Referência SFCC, Mercearia, Outros Molhos e Temperos, Temperos",
        "Data_Coleta": "2025-06-01 01:32:48"
    },
    {
        "ID_Produto": "936578",
        "Categoria_Scraping": "mercearia",
        "Nome": "Molho de Soja",
        "Marca": "Pingo Doce",
        "Preco": 0.99,
        "Unidade_Info": "0.2 L | 4,95 €/L",
        "Categorias_GTM": "Categoria Referência SFCC, Mercearia, Outros Molhos e Temperos, Temperos, As Nossas Marcas",
        "Data_Coleta": "2025-06-01 01:32:48"
    },
    {
        "ID_Produto": "731943",
        "Categoria_Scraping": "mercearia",
        "Nome": "Molho de Soja",
        "Marca": "Kikkoman",
        "Preco": 4.29,
        "Unidade_Info": "0.15 L | 28,6 €/L",
        "Categorias_GTM": "Categoria Referência SFCC, Mercearia, Outros Molhos e Temperos, Temperos",
        "Data_Coleta": "2025-06-01 01:32:48"
    },
    {
        "ID_Produto": "556739",
        "Categoria_Scraping": "mercearia",
        "Nome": "Molho para Bolonhesa",
        "Marca": "Pingo Doce",
        "Preco": 1.39,
        "Unidade_Info": "0.34 Kg | 4,09 €/Kg",
        "Categorias_GTM": "Categoria Referência SFCC, Mercearia, Outros Molhos e Temperos, Temperos, As Nossas Marcas",
        "Data_Coleta": "2025-06-01 01:32:58"
    },
    {
        "ID_Produto": "563519",
        "Categoria_Scraping": "mercearia",
        "Nome": "Molho Pesto Alla Genovese",
        "Marca": "Pingo Doce",
        "Preco": 1.69,
        "Unidade_Info": "0.19 Kg | 8,89 €/Kg",
        "Categorias_GTM": "Categoria Referência SFCC, Mercearia, Outros Molhos e Temperos, Temperos, As Nossas Marcas",
        "Data_Coleta": "2025-06-01 01:32:58"
    },
    {
        "ID_Produto": "728606",
        "Categoria_Scraping": "mercearia",
        "Nome": "Muesli sem Açúcar",
        "Marca": "Alpen",
        "Preco": 4.95,
        "Unidade_Info": "0.56 Kg | 8,84 €/Kg",
        "Categorias_GTM": "Categoria Referência SFCC, Cereais e Barras, Mercearia, Muesli e Granola",
        "Data_Coleta": "2025-06-01 01:32:58"
    },
    {
        "ID_Produto": "985755",
        "Categoria_Scraping": "mercearia",
        "Nome": "Nachos de Milho com Sal",
        "Marca": "Pingo Doce",
        "Preco": 1.99,
        "Unidade_Info": "0.3 Kg | 6,63 €/Kg",
        "Categorias_GTM": "Aperitivos e Snacks, Snacks Salgados, Mercearia, As Nossas Marcas, Pingo Doce",
        "Data_Coleta": "2025-06-01 01:32:58"
    },
    {
        "ID_Produto": "845151",
        "Categoria_Scraping": "mercearia",
        "Nome": "Napolitanas de Baunilha",
        "Marca": "Pingo Doce",
        "Preco": 1.49,
        "Unidade_Info": "0.27 Kg | 5,52 €/Kg",
        "Categorias_GTM": "Categoria Referência SFCC, As Nossas Marcas, Pingo Doce, Bolos e Tortas, Mercearia",
        "Data_Coleta": "2025-06-01 01:32:58"
    },
    {
        "ID_Produto": "860002",
        "Categoria_Scraping": "mercearia",
        "Nome": "Napolitanas de Chocolate",
        "Marca": "Brotchen",
        "Preco": 1.99,
        "Unidade_Info": "0.27 Kg | 7,37 €/Kg",
        "Categorias_GTM": "Bolos e Tortas, Mercearia, Pão e Bolos Embalados, Categoria Referência SFCC",
        "Data_Coleta": "2025-06-01 01:32:58"
    },
    {
        "ID_Produto": "845150",
        "Categoria_Scraping": "mercearia",
        "Nome": "Napolitanas de Chocolate",
        "Marca": "Pingo Doce",
        "Preco": 1.49,
        "Unidade_Info": "0.27 Kg | 5,52 €/Kg",
        "Categorias_GTM": "Categoria Referência SFCC, Bolos e Tortas, Mercearia, Pão e Bolos Embalados, As Nossas Marcas",
        "Data_Coleta": "2025-06-01 01:32:58"
    },
    {
        "ID_Produto": "968820",
        "Categoria_Scraping": "mercearia",
        "Nome": "Noodles de Galinha",
        "Marca": "Koka",
        "Preco": 0.99,
        "Unidade_Info": "0.085 Kg | 11,65 €/Kg",
        "Categorias_GTM": "Mercearia, Sopas e Refeições Pré-Preparadas, Categoria Referência SFCC",
        "Data_Coleta": "2025-06-01 01:32:58"
    },
    {
        "ID_Produto": "822949",
        "Categoria_Scraping": "mercearia",
        "Nome": "Noodles de Galinha Banzai",
        "Marca": "Cigala",
        "Preco": 1.19,
        "Unidade_Info": "0.067 Kg | 17,76 €/Kg",
        "Categorias_GTM": "Mercearia, Sopas e Refeições Pré-Preparadas, Categoria Referência SFCC",
        "Data_Coleta": "2025-06-01 01:32:58"
    },
    {
        "ID_Produto": "895443",
        "Categoria_Scraping": "mercearia",
        "Nome": "Palitos de Champanhe",
        "Marca": "Pingo Doce",
        "Preco": 1.89,
        "Unidade_Info": "0.4 Kg | 4,72 €/Kg",
        "Categorias_GTM": "As Nossas Marcas, Pingo Doce, Categoria Referência SFCC, Biscoitos e Sortidos, Bolachas",
        "Data_Coleta": "2025-06-01 01:32:58"
    },
    {
        "ID_Produto": "654690",
        "Categoria_Scraping": "mercearia",
        "Nome": "Palmiers",
        "Marca": "Pingo Doce",
        "Preco": 1.19,
        "Unidade_Info": "0.2 Kg | 5,95 €/Kg",
        "Categorias_GTM": "Bolachas, Maria, Manteiga e Clássicas, Mercearia, As Nossas Marcas, Pingo Doce",
        "Data_Coleta": "2025-06-01 01:32:58"
    },
    {
        "ID_Produto": "975555",
        "Categoria_Scraping": "mercearia",
        "Nome": "Pão de Forma com Sementes de Sésamo e Linhaça",
        "Marca": "Oroweat",
        "Preco": 2.19,
        "Unidade_Info": "0.55 Kg | 3,98 €/Kg",
        "Categorias_GTM": "Promoções, Mercearia, Pão e Bolos Embalados, Poupe Esta Semana, Categoria Referência SFCC",
        "Data_Coleta": "2025-06-01 01:32:58"
    },
    {
        "ID_Produto": "835724",
        "Categoria_Scraping": "mercearia",
        "Nome": "Pão de Forma Especial Torradas",
        "Marca": "Bimbo",
        "Preco": 1.99,
        "Unidade_Info": "0.7 Kg | 2,84 €/Kg",
        "Categorias_GTM": "Poupe Esta Semana, Promoções, Categoria Referência SFCC, Mercearia, Pão e Bolos Embalados",
        "Data_Coleta": "2025-06-01 01:33:09"
    },
    {
        "ID_Produto": "865514",
        "Categoria_Scraping": "mercearia",
        "Nome": "Pão de Forma Integral com Côdea",
        "Marca": "Panrico",
        "Preco": 1.49,
        "Unidade_Info": "0.52 Kg | 2,87 €/Kg",
        "Categorias_GTM": "Mercearia, Pão e Bolos Embalados, Promoções, Poupe Esta Semana, Categoria Referência SFCC",
        "Data_Coleta": "2025-06-01 01:33:09"
    },
    {
        "ID_Produto": "389596",
        "Categoria_Scraping": "mercearia",
        "Nome": "Pão de Forma Integral Sem Côdea",
        "Marca": "Bimbo",
        "Preco": 1.99,
        "Unidade_Info": "0.45 Kg | 4,42 €/Kg",
        "Categorias_GTM": "Mercearia, Pão e Bolos Embalados, Categoria Referência SFCC, Poupe Esta Semana, Promoções",
        "Data_Coleta": "2025-06-01 01:33:09"
    },
    {
        "ID_Produto": "959324",
        "Categoria_Scraping": "mercearia",
        "Nome": "Pão de Forma sem Côdea",
        "Marca": "Panrico",
        "Preco": 2.53,
        "Unidade_Info": "0.45 Kg | 5,62 €/Kg",
        "Categorias_GTM": "Mercearia, Pão e Bolos Embalados, Categoria Referência SFCC",
        "Data_Coleta": "2025-06-01 01:33:09"
    },
    {
        "ID_Produto": "744043",
        "Categoria_Scraping": "mercearia",
        "Nome": "Pão de Leite com Pepitas de Chocolate",
        "Marca": "Dulca",
        "Preco": 2.49,
        "Unidade_Info": "0.26 Kg | 9,58 €/Kg",
        "Categorias_GTM": "Categoria Referência SFCC, Bolos e Tortas, Mercearia, Pão e Bolos Embalados",
        "Data_Coleta": "2025-06-01 01:33:09"
    },
    {
        "ID_Produto": "7449",
        "Categoria_Scraping": "mercearia",
        "Nome": "Pão para Hambúrguer",
        "Marca": "Bimbo",
        "Preco": 1.69,
        "Unidade_Info": "0.22 Kg | 7,68 €/Kg",
        "Categorias_GTM": "Categoria Referência SFCC, Mercearia, Pão e Bolos Embalados",
        "Data_Coleta": "2025-06-01 01:33:09"
    },
    {
        "ID_Produto": "390606",
        "Categoria_Scraping": "mercearia",
        "Nome": "Pão para Hambúrguer",
        "Marca": "Pingo Doce",
        "Preco": 0.98,
        "Unidade_Info": "0.22 Kg | 4,45 €/Kg",
        "Categorias_GTM": "Mercearia, Pão e Bolos Embalados, As Nossas Marcas, Pingo Doce, Categoria Referência SFCC",
        "Data_Coleta": "2025-06-01 01:33:09"
    },
    {
        "ID_Produto": "753454",
        "Categoria_Scraping": "mercearia",
        "Nome": "Pepino em Conserva",
        "Marca": "Pingo Doce",
        "Preco": 1.89,
        "Unidade_Info": "0.45 Kg | 4,2 €/Kg",
        "Categorias_GTM": "Categoria Referência SFCC, Cogumelos e Outros Vegetais, Conservas, Mercearia, As Nossas Marcas",
        "Data_Coleta": "2025-06-01 01:33:09"
    },
    {
        "ID_Produto": "817870",
        "Categoria_Scraping": "mercearia",
        "Nome": "Pimentão Doce em Frasco",
        "Marca": "Pingo Doce",
        "Preco": 0.64,
        "Unidade_Info": "0.045 Kg | 14,22 €/Kg",
        "Categorias_GTM": "As Nossas Marcas, Pingo Doce, Categoria Referência SFCC, Especiarias e Ervas Aromáticas, Mercearia",
        "Data_Coleta": "2025-06-01 01:33:09"
    },
    {
        "ID_Produto": "963008",
        "Categoria_Scraping": "mercearia",
        "Nome": "Pipocas Doces",
        "Marca": "Pingo Doce",
        "Preco": 0.85,
        "Unidade_Info": "0.15 Kg | 5,67 €/Kg",
        "Categorias_GTM": "Aperitivos e Snacks, Mercearia, Pipocas, As Nossas Marcas, Pingo Doce",
        "Data_Coleta": "2025-06-01 01:33:09"
    },
    {
        "ID_Produto": "918577",
        "Categoria_Scraping": "mercearia",
        "Nome": "Pipocas Salgadas para Micro-Ondas",
        "Marca": "Pingo Doce",
        "Preco": 0.45,
        "Unidade_Info": "0.09 Kg | 5 €/Kg",
        "Categorias_GTM": "As Nossas Marcas, Pingo Doce, Categoria Referência SFCC, Aperitivos e Snacks, Mercearia",
        "Data_Coleta": "2025-06-01 01:33:09"
    },
    {
        "ID_Produto": "907023",
        "Categoria_Scraping": "mercearia",
        "Nome": "Pistachio Torrado",
        "Marca": "Frutorra",
        "Preco": 3.09,
        "Unidade_Info": "0.175 Kg | 17,66 €/Kg",
        "Categorias_GTM": "Aperitivos e Snacks, Frutos Secos e Desidratados, Mercearia, Categoria Referência SFCC, Poupe Esta Semana",
        "Data_Coleta": "2025-06-01 01:33:09"
    },
    {
        "ID_Produto": "980641",
        "Categoria_Scraping": "mercearia",
        "Nome": "Pistachos Torrados sem Sal",
        "Marca": "Pingo Doce",
        "Preco": 2.75,
        "Unidade_Info": "0.2 Kg | 13,75 €/Kg",
        "Categorias_GTM": "Aperitivos e Snacks, Frutos Secos e Desidratados, Mercearia, As Nossas Marcas, Pingo Doce",
        "Data_Coleta": "2025-06-01 01:33:20"
    },
    {
        "ID_Produto": "12209",
        "Categoria_Scraping": "mercearia",
        "Nome": "Polpa de Tomate",
        "Marca": "Guloso",
        "Preco": 0.75,
        "Unidade_Info": "0.21 Kg | 3,57 €/Kg",
        "Categorias_GTM": "Mercearia, Polpas e Concentrados, Temperos, Categoria Referência SFCC",
        "Data_Coleta": "2025-06-01 01:33:20"
    },
    {
        "ID_Produto": "589377",
        "Categoria_Scraping": "mercearia",
        "Nome": "Polpa de Tomate",
        "Marca": "Guloso",
        "Preco": 2.39,
        "Unidade_Info": "1 L | 2,39 €/L",
        "Categorias_GTM": "Categoria Referência SFCC, Mercearia, Polpas e Concentrados, Temperos",
        "Data_Coleta": "2025-06-01 01:33:20"
    },
    {
        "ID_Produto": "12213",
        "Categoria_Scraping": "mercearia",
        "Nome": "Polpa de Tomate",
        "Marca": "Compal",
        "Preco": 1.49,
        "Unidade_Info": "0.5 L | 2,98 €/L",
        "Categorias_GTM": "Mercearia, Polpas e Concentrados, Temperos, Categoria Referência SFCC",
        "Data_Coleta": "2025-06-01 01:33:20"
    },
    {
        "ID_Produto": "589370",
        "Categoria_Scraping": "mercearia",
        "Nome": "Polpa de Tomate",
        "Marca": "Guloso",
        "Preco": 1.49,
        "Unidade_Info": "0.5 L | 2,98 €/L",
        "Categorias_GTM": "Categoria Referência SFCC, Mercearia, Polpas e Concentrados, Temperos",
        "Data_Coleta": "2025-06-01 01:33:20"
    },
    {
        "ID_Produto": "522084",
        "Categoria_Scraping": "mercearia",
        "Nome": "Polpa de Tomate",
        "Marca": "Compal",
        "Preco": 1.49,
        "Unidade_Info": "0.6 L | 2,48 €/L",
        "Categorias_GTM": "Categoria Referência SFCC, Mercearia, Polpas e Concentrados, Temperos, Promoções",
        "Data_Coleta": "2025-06-01 01:33:20"
    },
    {
        "ID_Produto": "835981",
        "Categoria_Scraping": "mercearia",
        "Nome": "Polpa de Tomate com Manjericão e Oregãos",
        "Marca": "Pingo Doce",
        "Preco": 1.39,
        "Unidade_Info": "0.5 Kg | 2,78 €/Kg",
        "Categorias_GTM": "As Nossas Marcas, Pingo Doce, Categoria Referência SFCC, Mercearia, Polpas e Concentrados",
        "Data_Coleta": "2025-06-01 01:33:20"
    },
    {
        "ID_Produto": "826208",
        "Categoria_Scraping": "mercearia",
        "Nome": "Polvo e Pota em Alho",
        "Marca": "Vasco da Gama",
        "Preco": 1.74,
        "Unidade_Info": "0.072 Kg | 24,17 €/Kg",
        "Categorias_GTM": "Conservas, Mercearia, Sardinhas e Outros Peixes, Categoria Referência SFCC",
        "Data_Coleta": "2025-06-01 01:33:20"
    },
    {
        "ID_Produto": "874788",
        "Categoria_Scraping": "mercearia",
        "Nome": "Posta de Atum em Óleo",
        "Marca": "Bom Petisco",
        "Preco": 5.19,
        "Unidade_Info": "0.251 Kg | 20,68 €/Kg",
        "Categorias_GTM": "Categoria Referência SFCC, Atum, Conservas, Mercearia",
        "Data_Coleta": "2025-06-01 01:33:20"
    },
    {
        "ID_Produto": "700918",
        "Categoria_Scraping": "mercearia",
        "Nome": "Puré de Batata com Leite",
        "Marca": "Pingo Doce",
        "Preco": 1.74,
        "Unidade_Info": "0.2 Kg | 8,7 €/Kg",
        "Categorias_GTM": "As Nossas Marcas, Pingo Doce, Categoria Referência SFCC, Mercearia, Sopas e Refeições Pré-Preparadas",
        "Data_Coleta": "2025-06-01 01:33:20"
    },
    {
        "ID_Produto": "936561",
        "Categoria_Scraping": "mercearia",
        "Nome": "Quinoa Cozida",
        "Marca": "Pingo Doce",
        "Preco": 1.49,
        "Unidade_Info": "0.25 Kg | 5,96 €/Kg",
        "Categorias_GTM": "As Nossas Marcas, Pingo Doce, Categoria Referência SFCC, Cogumelos e Outros Vegetais, Conservas",
        "Data_Coleta": "2025-06-01 01:33:20"
    },
    {
        "ID_Produto": "876893",
        "Categoria_Scraping": "mercearia",
        "Nome": "Salada de Frutas",
        "Marca": "Pingo Doce",
        "Preco": 2.49,
        "Unidade_Info": "0.84 Kg | 2,96 €/Kg",
        "Categorias_GTM": "As Nossas Marcas, Pingo Doce, Fruta em Calda, Mercearia, Sobremesas",
        "Data_Coleta": "2025-06-01 01:33:20"
    },
    {
        "ID_Produto": "920289",
        "Categoria_Scraping": "mercearia",
        "Nome": "Salsichas Bockwurst em Frasco",
        "Marca": "Izidoro",
        "Preco": 3.24,
        "Unidade_Info": "0.36 Kg | 9 €/Kg",
        "Categorias_GTM": "Promoções, Conservas, Mercearia, Salsichas, Categoria Referência SFCC",
        "Data_Coleta": "2025-06-01 01:33:30"
    },
    {
        "ID_Produto": "4989",
        "Categoria_Scraping": "mercearia",
        "Nome": "Salsichas Cocktail em Lata",
        "Marca": "Nobre",
        "Preco": 2.39,
        "Unidade_Info": "0.18 Kg | 13,28 €/Kg",
        "Categorias_GTM": "Categoria Referência SFCC, Conservas, Mercearia, Salsichas",
        "Data_Coleta": "2025-06-01 01:33:30"
    },
    {
        "ID_Produto": "972523",
        "Categoria_Scraping": "mercearia",
        "Nome": "Salsichas de Ave",
        "Marca": "Izidoro",
        "Preco": 1.69,
        "Unidade_Info": "0.24 Kg | 7,04 €/Kg",
        "Categorias_GTM": "Conservas, Mercearia, Salsichas, Promoções, Poupe Esta Semana",
        "Data_Coleta": "2025-06-01 01:33:30"
    },
    {
        "ID_Produto": "925226",
        "Categoria_Scraping": "mercearia",
        "Nome": "Salsichas de Aves",
        "Marca": "Pingo Doce",
        "Preco": 1.99,
        "Unidade_Info": "0.25 Kg | 7,96 €/Kg",
        "Categorias_GTM": "As Nossas Marcas, Pingo Doce, Categoria Referência SFCC, Conservas, Mercearia",
        "Data_Coleta": "2025-06-01 01:33:30"
    },
    {
        "ID_Produto": "565938",
        "Categoria_Scraping": "mercearia",
        "Nome": "Salsichas de Aves em Lata",
        "Marca": "Nobre",
        "Preco": 1.99,
        "Unidade_Info": "0.2 Kg | 9,95 €/Kg",
        "Categorias_GTM": "Categoria Referência SFCC, Conservas, Mercearia, Salsichas",
        "Data_Coleta": "2025-06-01 01:33:30"
    },
    {
        "ID_Produto": "928361",
        "Categoria_Scraping": "mercearia",
        "Nome": "Salsichas de Aves Familiar",
        "Marca": "Izidoro",
        "Preco": 3.24,
        "Unidade_Info": "0.36 Kg | 9 €/Kg",
        "Categorias_GTM": "Conservas, Mercearia, Salsichas, Categoria Referência SFCC, Promoções",
        "Data_Coleta": "2025-06-01 01:33:30"
    },
    {
        "ID_Produto": "917998",
        "Categoria_Scraping": "mercearia",
        "Nome": "Salsichas Frankfurt",
        "Marca": "Izidoro",
        "Preco": 1.69,
        "Unidade_Info": "0.24 Un | 7,04 €/Un",
        "Categorias_GTM": "Promoções, Conservas, Mercearia, Salsichas, Poupe Esta Semana",
        "Data_Coleta": "2025-06-01 01:33:30"
    },
    {
        "ID_Produto": "322240",
        "Categoria_Scraping": "mercearia",
        "Nome": "Salsichas Tipo Alemãs em Frasco",
        "Marca": "Pingo Doce",
        "Preco": 6.19,
        "Unidade_Info": "0.72 Kg | 8,6 €/Kg",
        "Categorias_GTM": "Categoria Referência SFCC, Conservas, Mercearia, Salsichas, As Nossas Marcas",
        "Data_Coleta": "2025-06-01 01:33:30"
    },
    {
        "ID_Produto": "665462",
        "Categoria_Scraping": "mercearia",
        "Nome": "Sardinha em Azeite sem Pele e sem Espinha",
        "Marca": "Pingo Doce",
        "Preco": 1.99,
        "Unidade_Info": "0.084 Kg | 23,69 €/Kg",
        "Categorias_GTM": "As Nossas Marcas, Pingo Doce, Categoria Referência SFCC, Conservas, Mercearia",
        "Data_Coleta": "2025-06-01 01:33:30"
    },
    {
        "ID_Produto": "966873",
        "Categoria_Scraping": "mercearia",
        "Nome": "Snack Chocolate com Amendoim e Caramelo Mini",
        "Marca": "Snickers",
        "Preco": 5.49,
        "Unidade_Info": "0.227 Kg | 24,19 €/Kg",
        "Categorias_GTM": "Chocolates e Guloseimas, Mercearia, Snacks de Chocolate, Categoria Referência SFCC",
        "Data_Coleta": "2025-06-01 01:33:30"
    },
    {
        "ID_Produto": "924404",
        "Categoria_Scraping": "mercearia",
        "Nome": "Snack de Batata Natas e Cebola",
        "Marca": "Pringles",
        "Preco": 2.99,
        "Unidade_Info": "0.175 Kg | 17,09 €/Kg",
        "Categorias_GTM": "Categoria Referência SFCC, Sabores, Batatas Fritas, Mercearia",
        "Data_Coleta": "2025-06-01 01:33:30"
    },
    {
        "ID_Produto": "924403",
        "Categoria_Scraping": "mercearia",
        "Nome": "Snack de Batata Original",
        "Marca": "Pringles",
        "Preco": 2.99,
        "Unidade_Info": "0.175 Kg | 17,09 €/Kg",
        "Categorias_GTM": "Categoria Referência SFCC, Batatas Fritas, Mercearia, Originais e Light",
        "Data_Coleta": "2025-06-01 01:33:30"
    },
    {
        "ID_Produto": "771027",
        "Categoria_Scraping": "mercearia",
        "Nome": "Snack de Chocolate, Caramelo e Bolacha",
        "Marca": "Pingo Doce",
        "Preco": 3.49,
        "Unidade_Info": "0.35 Kg | 9,97 €/Kg",
        "Categorias_GTM": "As Nossas Marcas, Pingo Doce, Categoria Referência SFCC, Chocolates e Guloseimas, Mercearia",
        "Data_Coleta": "2025-06-01 01:33:41"
    },
    {
        "ID_Produto": "770997",
        "Categoria_Scraping": "mercearia",
        "Nome": "Snack de Chocolate com Amendoim, Caramelo e Nougat",
        "Marca": "Pingo Doce",
        "Preco": 3.49,
        "Unidade_Info": "0.35 Kg | 9,97 €/Kg",
        "Categorias_GTM": "Categoria Referência SFCC, Chocolates e Guloseimas, Mercearia, Snacks de Chocolate, As Nossas Marcas",
        "Data_Coleta": "2025-06-01 01:33:41"
    },
    {
        "ID_Produto": "966872",
        "Categoria_Scraping": "mercearia",
        "Nome": "Snack de Chocolate com Biscoito e Caramelo Mini",
        "Marca": "Twix",
        "Preco": 5.49,
        "Unidade_Info": "0.227 Kg | 24,19 €/Kg",
        "Categorias_GTM": "Chocolates e Guloseimas, Mercearia, Snacks de Chocolate, Categoria Referência SFCC",
        "Data_Coleta": "2025-06-01 01:33:41"
    },
    {
        "ID_Produto": "771048",
        "Categoria_Scraping": "mercearia",
        "Nome": "Snack de Chocolate com Caramelo e Nougat",
        "Marca": "Pingo Doce",
        "Preco": 3.49,
        "Unidade_Info": "0.35 Kg | 9,97 €/Kg",
        "Categorias_GTM": "Categoria Referência SFCC, Chocolates e Guloseimas, Mercearia, Snacks de Chocolate, As Nossas Marcas",
        "Data_Coleta": "2025-06-01 01:33:41"
    },
    {
        "ID_Produto": "886279",
        "Categoria_Scraping": "mercearia",
        "Nome": "Snack de Chocolate de Leite Kinder Bueno Mini",
        "Marca": "Kinder",
        "Preco": 2.49,
        "Unidade_Info": "0.108 Kg | 23,06 €/Kg",
        "Categorias_GTM": "Chocolates e Guloseimas, Mercearia, Snacks de Chocolate, Categoria Referência SFCC",
        "Data_Coleta": "2025-06-01 01:33:41"
    },
    {
        "ID_Produto": "16050",
        "Categoria_Scraping": "mercearia",
        "Nome": "Snack de Chocolate de Leite Mini",
        "Marca": "Kit Kat",
        "Preco": 4.49,
        "Unidade_Info": "0.2 Kg | 22,45 €/Kg",
        "Categorias_GTM": "Chocolates e Guloseimas, Mercearia, Snacks de Chocolate, Categoria Referência SFCC",
        "Data_Coleta": "2025-06-01 01:33:41"
    },
    {
        "ID_Produto": "850500",
        "Categoria_Scraping": "mercearia",
        "Nome": "Snack de Chocolate Kinder Délice",
        "Marca": "Kinder",
        "Preco": 6.29,
        "Unidade_Info": "0.39 Kg | 16,13 €/Kg",
        "Categorias_GTM": "Bolos e Tortas, Mercearia, Pão e Bolos Embalados, Categoria Referência SFCC",
        "Data_Coleta": "2025-06-01 01:33:41"
    },
    {
        "ID_Produto": "880523",
        "Categoria_Scraping": "mercearia",
        "Nome": "Sopa de Cebola",
        "Marca": "Pingo Doce",
        "Preco": 0.89,
        "Unidade_Info": "0.051 Kg | 17,45 €/Kg",
        "Categorias_GTM": "As Nossas Marcas, Pingo Doce, Mercearia, Sopas e Refeições Pré-Preparadas, Categoria Referência SFCC",
        "Data_Coleta": "2025-06-01 01:33:41"
    },
    {
        "ID_Produto": "878891",
        "Categoria_Scraping": "mercearia",
        "Nome": "Tabelete de Chocolate Culinária 70%",
        "Marca": "Pingo Doce",
        "Preco": 2.99,
        "Unidade_Info": "0.2 Kg | 14,95 €/Kg",
        "Categorias_GTM": "As Nossas Marcas, Pingo Doce, Cacau e Chocolate para Culinária, Mercearia, Sobremesas",
        "Data_Coleta": "2025-06-01 01:33:41"
    },
    {
        "ID_Produto": "750491",
        "Categoria_Scraping": "mercearia",
        "Nome": "Tablete de Chocolate Culinária 44% Cacau",
        "Marca": "Nestlé",
        "Preco": 3.59,
        "Unidade_Info": "0.2 Kg | 17,95 €/Kg",
        "Categorias_GTM": "Categoria Referência SFCC, Cacau e Chocolate para Culinária, Mercearia, Sobremesas",
        "Data_Coleta": "2025-06-01 01:33:41"
    },
    {
        "ID_Produto": "939912",
        "Categoria_Scraping": "mercearia",
        "Nome": "Tablete de Chocolate de Leite",
        "Marca": "Pingo Doce",
        "Preco": 1.09,
        "Unidade_Info": "0.1 Kg | 10,9 €/Kg",
        "Categorias_GTM": "Chocolates e Guloseimas, Mercearia, Tabletes, Categoria Referência SFCC, As Nossas Marcas",
        "Data_Coleta": "2025-06-01 01:33:41"
    },
    {
        "ID_Produto": "941521",
        "Categoria_Scraping": "mercearia",
        "Nome": "Tablete de Chocolate de Leite com Avelãs Inteiras",
        "Marca": "Pingo Doce",
        "Preco": 2.99,
        "Unidade_Info": "0.2 Kg | 14,95 €/Kg",
        "Categorias_GTM": "As Nossas Marcas, Pingo Doce, Chocolates e Guloseimas, Mercearia, Tabletes",
        "Data_Coleta": "2025-06-01 01:33:41"
    },
    {
        "ID_Produto": "939971",
        "Categoria_Scraping": "mercearia",
        "Nome": "Tablete de Chocolate de Leite e Arroz Tufado",
        "Marca": "Pingo Doce",
        "Preco": 1.19,
        "Unidade_Info": "0.1 Kg | 11,9 €/Kg",
        "Categorias_GTM": "Chocolates e Guloseimas, Mercearia, Tabletes, Categoria Referência SFCC, As Nossas Marcas",
        "Data_Coleta": "2025-06-01 01:33:52"
    },
    {
        "ID_Produto": "925400",
        "Categoria_Scraping": "mercearia",
        "Nome": "Tablete de Chocolate Excellence 85% Cacau",
        "Marca": "Lindt",
        "Preco": 4.99,
        "Unidade_Info": "0.1 Kg | 49,9 €/Kg",
        "Categorias_GTM": "Chocolates e Guloseimas, Mercearia, Tabletes, Categoria Referência SFCC",
        "Data_Coleta": "2025-06-01 01:33:52"
    },
    {
        "ID_Produto": "939913",
        "Categoria_Scraping": "mercearia",
        "Nome": "Tablete de Chocolate Negro",
        "Marca": "Pingo Doce",
        "Preco": 1.49,
        "Unidade_Info": "0.1 Kg | 14,9 €/Kg",
        "Categorias_GTM": "Chocolates e Guloseimas, Mercearia, Tabletes, Categoria Referência SFCC, As Nossas Marcas",
        "Data_Coleta": "2025-06-01 01:33:52"
    },
    {
        "ID_Produto": "941522",
        "Categoria_Scraping": "mercearia",
        "Nome": "Tablete de Chocolate Negro",
        "Marca": "Pingo Doce",
        "Preco": 2.99,
        "Unidade_Info": "0.2 Kg | 14,95 €/Kg",
        "Categorias_GTM": "Chocolates e Guloseimas, Mercearia, Tabletes, Categoria Referência SFCC, As Nossas Marcas",
        "Data_Coleta": "2025-06-01 01:33:52"
    },
    {
        "ID_Produto": "436308",
        "Categoria_Scraping": "mercearia",
        "Nome": "Tablete de Chocolate Negro 70% Excellence",
        "Marca": "Lindt",
        "Preco": 4.49,
        "Unidade_Info": "0.1 Kg | 44,9 €/Kg",
        "Categorias_GTM": "Chocolates e Guloseimas, Mercearia, Tabletes, Categoria Referência SFCC",
        "Data_Coleta": "2025-06-01 01:33:52"
    },
    {
        "ID_Produto": "808967",
        "Categoria_Scraping": "mercearia",
        "Nome": "Tablete de Chocolate Negro Excellence com Flor de Sal",
        "Marca": "Lindt",
        "Preco": 3.99,
        "Unidade_Info": "0.1 Kg | 39,9 €/Kg",
        "Categorias_GTM": "Categoria Referência SFCC, Chocolates e Guloseimas, Mercearia, Tabletes",
        "Data_Coleta": "2025-06-01 01:33:52"
    },
    {
        "ID_Produto": "908021",
        "Categoria_Scraping": "mercearia",
        "Nome": "Tapioca Hidratada",
        "Marca": "Ferbar",
        "Preco": 3.89,
        "Unidade_Info": "0.5 Kg | 7,78 €/Kg",
        "Categorias_GTM": "Farinha e Fermento, Mercearia, Categoria Referência SFCC",
        "Data_Coleta": "2025-06-01 01:33:52"
    },
    {
        "ID_Produto": "846082",
        "Categoria_Scraping": "mercearia",
        "Nome": "Tapioca Hidratada",
        "Marca": "Da Terrinha",
        "Preco": 2.59,
        "Unidade_Info": "0.5 Kg | 5,18 €/Kg",
        "Categorias_GTM": "Categoria Referência SFCC, Mercearia, Sobremesas, Poupe Esta Semana, Promoções",
        "Data_Coleta": "2025-06-01 01:33:52"
    },
    {
        "ID_Produto": "895254",
        "Categoria_Scraping": "mercearia",
        "Nome": "Tarteletes de Morango",
        "Marca": "Pingo Doce",
        "Preco": 0.79,
        "Unidade_Info": "0.096 Kg | 8,23 €/Kg",
        "Categorias_GTM": "As Nossas Marcas, Pingo Doce, Categoria Referência SFCC, Bolachas, Mercearia",
        "Data_Coleta": "2025-06-01 01:33:52"
    },
    {
        "ID_Produto": "854911",
        "Categoria_Scraping": "mercearia",
        "Nome": "Tomate em Pedaços com Oregãos e Manjericão",
        "Marca": "Pingo Doce",
        "Preco": 0.99,
        "Unidade_Info": "0.39 Kg | 2,54 €/Kg",
        "Categorias_GTM": "Mercearia, Polpas e Concentrados, Temperos, Categoria Referência SFCC, As Nossas Marcas",
        "Data_Coleta": "2025-06-01 01:33:52"
    },
    {
        "ID_Produto": "808499",
        "Categoria_Scraping": "mercearia",
        "Nome": "Tomate Pedaços",
        "Marca": "Guloso",
        "Preco": 1.95,
        "Unidade_Info": "0.39 Kg | 5 €/Kg",
        "Categorias_GTM": "Categoria Referência SFCC, Mercearia, Polpas e Concentrados, Temperos",
        "Data_Coleta": "2025-06-01 01:33:52"
    },
    {
        "ID_Produto": "55211",
        "Categoria_Scraping": "mercearia",
        "Nome": "Tomate Pelado Inteiro",
        "Marca": "Pingo Doce",
        "Preco": 1.29,
        "Unidade_Info": "0.78 Kg | 1,65 €/Kg",
        "Categorias_GTM": "As Nossas Marcas, Pingo Doce, Categoria Referência SFCC, Mercearia, Polpas e Concentrados",
        "Data_Coleta": "2025-06-01 01:33:52"
    },
    {
        "ID_Produto": "544184",
        "Categoria_Scraping": "talho",
        "Nome": "Peito de Frango",
        "Marca": "Nosso Talho",
        "Preco": 6.45,
        "Unidade_Info": "0.5 Kg",
        "Categorias_GTM": "Categoria Referência SFCC, Frango, Peru e Pato, Talho",
        "Data_Coleta": "2025-06-01 01:34:15"
    },
    {
        "ID_Produto": "250550",
        "Categoria_Scraping": "talho",
        "Nome": "Bife da Pá e Acém de Vitelão",
        "Marca": "Nosso Talho",
        "Preco": 10.48,
        "Unidade_Info": "0.25 Kg",
        "Categorias_GTM": "Bovino, Novilho e Vitelão, Talho, Categoria Referência SFCC, Poupe Este Fim De Semana, Poupe Esta Semana",
        "Data_Coleta": "2025-06-01 01:34:15"
    },
    {
        "ID_Produto": "976875",
        "Categoria_Scraping": "talho",
        "Nome": "Bifes de Frango Embalados",
        "Marca": "Nosso Talho",
        "Preco": 6.98,
        "Unidade_Info": "0.6 Kg",
        "Categorias_GTM": "Frango, Peru e Pato, Talho, Categoria Referência SFCC",
        "Data_Coleta": "2025-06-01 01:34:15"
    },
    {
        "ID_Produto": "250130",
        "Categoria_Scraping": "talho",
        "Nome": "Costeleta do Cachaço de Porco",
        "Marca": "Nosso Talho",
        "Preco": 4.99,
        "Unidade_Info": "0.16 Kg",
        "Categorias_GTM": "Porco, Talho, Categoria Referência SFCC",
        "Data_Coleta": "2025-06-01 01:34:15"
    },
    {
        "ID_Produto": "250542",
        "Categoria_Scraping": "talho",
        "Nome": "Costeletas de Vitelão",
        "Marca": "Nosso Talho",
        "Preco": 13.98,
        "Unidade_Info": "0.3 Kg",
        "Categorias_GTM": "Bovino, Novilho e Vitelão, Talho, Categoria Referência SFCC",
        "Data_Coleta": "2025-06-01 01:34:15"
    },
    {
        "ID_Produto": "378378",
        "Categoria_Scraping": "talho",
        "Nome": "Frango Inteiro com Miúdos",
        "Marca": "Nosso Talho",
        "Preco": 2.34,
        "Unidade_Info": "1.2 Kg",
        "Categorias_GTM": "Frango, Peru e Pato, Talho, Categoria Referência SFCC",
        "Data_Coleta": "2025-06-01 01:34:15"
    },
    {
        "ID_Produto": "250541",
        "Categoria_Scraping": "talho",
        "Nome": "Lombo de Vitelão",
        "Marca": "Nosso Talho",
        "Preco": 27.98,
        "Unidade_Info": "0.25 Kg",
        "Categorias_GTM": "Bovino, Novilho e Vitelão, Talho, Categoria Referência SFCC",
        "Data_Coleta": "2025-06-01 01:34:15"
    },
    {
        "ID_Produto": "465789",
        "Categoria_Scraping": "talho",
        "Nome": "Peito de Frango Embalado",
        "Marca": "Nosso Talho",
        "Preco": 6.58,
        "Unidade_Info": "0.6 Kg",
        "Categorias_GTM": "Categoria Referência SFCC, Frango, Peru e Pato, Talho",
        "Data_Coleta": "2025-06-01 01:34:15"
    },
    {
        "ID_Produto": "442057",
        "Categoria_Scraping": "talho",
        "Nome": "Peito de Perú",
        "Marca": "Nosso Talho",
        "Preco": 7.99,
        "Unidade_Info": "0.5 Kg",
        "Categorias_GTM": "Categoria Referência SFCC, Frango, Peru e Pato, Talho",
        "Data_Coleta": "2025-06-01 01:34:15"
    },
    {
        "ID_Produto": "622075",
        "Categoria_Scraping": "talho",
        "Nome": "Preparado de Carne Picada de Vitelão",
        "Marca": "Nosso Talho",
        "Preco": 8.98,
        "Unidade_Info": "0.5 Kg",
        "Categorias_GTM": "Poupe Esta Semana, Promoções, Categoria Referência SFCC, Bovino, Novilho e Vitelão, Talho",
        "Data_Coleta": "2025-06-01 01:34:15"
    },
    {
        "ID_Produto": "957004",
        "Categoria_Scraping": "talho",
        "Nome": "Preparado de Carne Picada Mista Embalada",
        "Marca": "Nosso Talho",
        "Preco": 4.78,
        "Unidade_Info": "0.5 Kg | 9,56 €/Un",
        "Categorias_GTM": "Picados e Salsichas, Talho, Categoria Referência SFCC",
        "Data_Coleta": "2025-06-01 01:34:15"
    },
    {
        "ID_Produto": "959308",
        "Categoria_Scraping": "talho",
        "Nome": "Rojões de Porco Embalados",
        "Marca": "Nosso Talho",
        "Preco": 5.98,
        "Unidade_Info": "0.6 Kg",
        "Categorias_GTM": "Porco, Talho, Categoria Referência SFCC",
        "Data_Coleta": "2025-06-01 01:34:15"
    },
    {
        "ID_Produto": "250553",
        "Categoria_Scraping": "talho",
        "Nome": "Vitelão para Cozer",
        "Marca": "Nosso Talho",
        "Preco": 8.98,
        "Unidade_Info": "0.25 Kg",
        "Categorias_GTM": "Promoções, Bovino, Novilho e Vitelão, Talho, Poupe Esta Semana, Categoria Referência SFCC",
        "Data_Coleta": "2025-06-01 01:34:28"
    },
    {
        "ID_Produto": "959145",
        "Categoria_Scraping": "talho",
        "Nome": "Bifanas de Porco Embaladas",
        "Marca": "Nosso Talho",
        "Preco": 5.98,
        "Unidade_Info": "0.6 Kg",
        "Categorias_GTM": "Porco, Talho, Categoria Referência SFCC",
        "Data_Coleta": "2025-06-01 01:34:28"
    },
    {
        "ID_Produto": "250544",
        "Categoria_Scraping": "talho",
        "Nome": "Bife do Redondo de Vitelão",
        "Marca": "Nosso Talho",
        "Preco": 13.48,
        "Unidade_Info": "0.25 Kg",
        "Categorias_GTM": "Bovino, Novilho e Vitelão, Talho, Categoria Referência SFCC, Poupe Este Fim De Semana, Poupe Esta Semana",
        "Data_Coleta": "2025-06-01 01:34:28"
    },
    {
        "ID_Produto": "465640",
        "Categoria_Scraping": "talho",
        "Nome": "Bifes de Frango Embalados",
        "Marca": "Nosso Talho",
        "Preco": 6.98,
        "Unidade_Info": "0.6 Kg",
        "Categorias_GTM": "Categoria Referência SFCC, Frango, Peru e Pato, Talho",
        "Data_Coleta": "2025-06-01 01:34:28"
    },
    {
        "ID_Produto": "981746",
        "Categoria_Scraping": "talho",
        "Nome": "Cachaço de Porco sem Osso",
        "Marca": "Nosso Talho",
        "Preco": 5.29,
        "Unidade_Info": "0.5 Kg",
        "Categorias_GTM": "Porco, Talho, Categoria Referência SFCC",
        "Data_Coleta": "2025-06-01 01:34:28"
    },
    {
        "ID_Produto": "250328",
        "Categoria_Scraping": "talho",
        "Nome": "Coelho Inteiro",
        "Marca": "Nosso Talho",
        "Preco": 6.29,
        "Unidade_Info": "1.4 Kg",
        "Categorias_GTM": "Outras Carnes, Talho, Categoria Referência SFCC, Poupe Este Fim De Semana, Poupe Esta Semana",
        "Data_Coleta": "2025-06-01 01:34:28"
    },
    {
        "ID_Produto": "421155",
        "Categoria_Scraping": "talho",
        "Nome": "Coxa de Frango do Campo Embalada",
        "Marca": "Nosso Talho",
        "Preco": 7.94,
        "Unidade_Info": "0.6 Kg",
        "Categorias_GTM": "Frango, Peru e Pato, Talho, Categoria Referência SFCC",
        "Data_Coleta": "2025-06-01 01:34:28"
    },
    {
        "ID_Produto": "465643",
        "Categoria_Scraping": "talho",
        "Nome": "Coxas de Frango Embaladas",
        "Marca": "Nosso Talho",
        "Preco": 4.48,
        "Unidade_Info": "0.6 Kg",
        "Categorias_GTM": "Categoria Referência SFCC, Frango, Peru e Pato, Talho",
        "Data_Coleta": "2025-06-01 01:34:28"
    },
    {
        "ID_Produto": "613758",
        "Categoria_Scraping": "talho",
        "Nome": "Frango do Campo com Miúdos",
        "Marca": "Nosso Talho",
        "Preco": 4.48,
        "Unidade_Info": "2.25 Kg",
        "Categorias_GTM": "Frango, Peru e Pato, Talho, Categoria Referência SFCC",
        "Data_Coleta": "2025-06-01 01:34:28"
    },
    {
        "ID_Produto": "957022",
        "Categoria_Scraping": "talho",
        "Nome": "Hambúrguer Misto Embalado",
        "Marca": "Nosso Talho",
        "Preco": 3.78,
        "Unidade_Info": "0.44 Kg | 8,59 €/Un",
        "Categorias_GTM": "Bovino, Novilho e Vitelão, Talho, Categoria Referência SFCC, Porco",
        "Data_Coleta": "2025-06-01 01:34:28"
    },
    {
        "ID_Produto": "966685",
        "Categoria_Scraping": "talho",
        "Nome": "Lombinhos de Frango Embalados",
        "Marca": "Nosso Talho",
        "Preco": 6.28,
        "Unidade_Info": "0.6 Kg",
        "Categorias_GTM": "Frango, Peru e Pato, Talho, Categoria Referência SFCC",
        "Data_Coleta": "2025-06-01 01:34:28"
    },
    {
        "ID_Produto": "981747",
        "Categoria_Scraping": "talho",
        "Nome": "Lombinhos de Porco",
        "Marca": "Nosso Talho",
        "Preco": 6.69,
        "Unidade_Info": "0.6 Kg",
        "Categorias_GTM": "Porco, Talho, Categoria Referência SFCC, Poupe Este Fim De Semana, Poupe Esta Semana",
        "Data_Coleta": "2025-06-01 01:34:28"
    },
    {
        "ID_Produto": "250168",
        "Categoria_Scraping": "talho",
        "Nome": "Pá de Porco com Osso",
        "Marca": "Nosso Talho",
        "Preco": 4.49,
        "Unidade_Info": "4 Kg",
        "Categorias_GTM": "Porco, Talho, Categoria Referência SFCC",
        "Data_Coleta": "2025-06-01 01:34:34"
    },
    {
        "ID_Produto": "733227",
        "Categoria_Scraping": "talho",
        "Nome": "Pato Desfiado com Calda Embalado",
        "Marca": "Nosso Talho",
        "Preco": 9.99,
        "Unidade_Info": "0.6 Kg | 16,65 €/Kg",
        "Categorias_GTM": "Categoria Referência SFCC, Frango, Peru e Pato, Talho",
        "Data_Coleta": "2025-06-01 01:34:34"
    },
    {
        "ID_Produto": "421157",
        "Categoria_Scraping": "talho",
        "Nome": "Peito de Frango do Campo Embalado",
        "Marca": "Nosso Talho",
        "Preco": 8.29,
        "Unidade_Info": "0.6 Kg",
        "Categorias_GTM": "Frango, Peru e Pato, Talho, Categoria Referência SFCC",
        "Data_Coleta": "2025-06-01 01:34:34"
    },
    {
        "ID_Produto": "976876",
        "Categoria_Scraping": "talho",
        "Nome": "Peito de Frango Embalado",
        "Marca": "Nosso Talho",
        "Preco": 6.58,
        "Unidade_Info": "0.6 Kg",
        "Categorias_GTM": "Frango, Peru e Pato, Talho, Categoria Referência SFCC",
        "Data_Coleta": "2025-06-01 01:34:34"
    },
    {
        "ID_Produto": "465791",
        "Categoria_Scraping": "talho",
        "Nome": "Perninhas de Frango Embaladas",
        "Marca": "Nosso Talho",
        "Preco": 4.48,
        "Unidade_Info": "0.6 Kg",
        "Categorias_GTM": "Categoria Referência SFCC, Frango, Peru e Pato, Talho, Poupe Esta Semana, Promoções",
        "Data_Coleta": "2025-06-01 01:34:34"
    },
    {
        "ID_Produto": "976874",
        "Categoria_Scraping": "talho",
        "Nome": "Perninhas de Frango Embaladas",
        "Marca": "Nosso Talho",
        "Preco": 4.48,
        "Unidade_Info": "0.6 Kg",
        "Categorias_GTM": "Frango, Peru e Pato, Talho, Categoria Referência SFCC, Poupe Este Fim De Semana, Poupe Esta Semana",
        "Data_Coleta": "2025-06-01 01:34:34"
    },
    {
        "ID_Produto": "922108",
        "Categoria_Scraping": "talho",
        "Nome": "Rolo de Carne de Porco com Queijo e Fiambre",
        "Marca": "Nosso Talho",
        "Preco": 7.59,
        "Unidade_Info": "1 Kg",
        "Categorias_GTM": "Porco, Talho, Categoria Referência SFCC",
        "Data_Coleta": "2025-06-01 01:34:34"
    },
    {
        "ID_Produto": "911729",
        "Categoria_Scraping": "talho",
        "Nome": "Salsichas Frescas de Porco Embaladas",
        "Marca": "Nosso Talho",
        "Preco": 2.89,
        "Unidade_Info": "0.47 Kg | 6,15 €/Un",
        "Categorias_GTM": "Picados e Salsichas, Talho, Categoria Referência SFCC",
        "Data_Coleta": "2025-06-01 01:34:34"
    },
    {
        "ID_Produto": "442055",
        "Categoria_Scraping": "talho",
        "Nome": "Tiras de Entrecosto de Porco",
        "Marca": "Nosso Talho",
        "Preco": 6.99,
        "Unidade_Info": "0.9 Kg",
        "Categorias_GTM": "Categoria Referência SFCC, Porco, Talho",
        "Data_Coleta": "2025-06-01 01:34:34"
    },
    {
        "ID_Produto": "957005",
        "Categoria_Scraping": "talho",
        "Nome": "Almôndegas Mistas Embaladas",
        "Marca": "Nosso Talho",
        "Preco": 3.68,
        "Unidade_Info": "0.36 Kg | 10,22 €/Un",
        "Categorias_GTM": "Categoria Referência SFCC, Bovino, Novilho e Vitelão, Talho, Porco",
        "Data_Coleta": "2025-06-01 01:34:34"
    },
    {
        "ID_Produto": "976873",
        "Categoria_Scraping": "talho",
        "Nome": "Asas de Frango Embalado",
        "Marca": "Nosso Talho",
        "Preco": 2.88,
        "Unidade_Info": "0.6 Kg",
        "Categorias_GTM": "Frango, Peru e Pato, Talho, Categoria Referência SFCC",
        "Data_Coleta": "2025-06-01 01:34:34"
    },
    {
        "ID_Produto": "250119",
        "Categoria_Scraping": "talho",
        "Nome": "Bifanas de Porco",
        "Marca": "Nosso Talho",
        "Preco": 4.99,
        "Unidade_Info": "0.15 Kg",
        "Categorias_GTM": "Porco, Talho, Categoria Referência SFCC",
        "Data_Coleta": "2025-06-01 01:34:34"
    },
    {
        "ID_Produto": "421153",
        "Categoria_Scraping": "talho",
        "Nome": "Bife de Frango do Campo Embalado",
        "Marca": "Nosso Talho",
        "Preco": 8.29,
        "Unidade_Info": "0.6 Kg",
        "Categorias_GTM": "Frango, Peru e Pato, Talho, Categoria Referência SFCC",
        "Data_Coleta": "2025-06-01 01:34:39"
    },
    {
        "ID_Produto": "907820",
        "Categoria_Scraping": "talho",
        "Nome": "Bife do Redondo de Vitelão Embalado",
        "Marca": "Nosso Talho",
        "Preco": 13.45,
        "Unidade_Info": "0.52 Kg",
        "Categorias_GTM": "Bovino, Novilho e Vitelão, Talho, Categoria Referência SFCC",
        "Data_Coleta": "2025-06-01 01:34:39"
    },
    {
        "ID_Produto": "959144",
        "Categoria_Scraping": "talho",
        "Nome": "Bifinhos do Lombo de Porco Embalados",
        "Marca": "Nosso Talho",
        "Preco": 7.98,
        "Unidade_Info": "0.6 Kg",
        "Categorias_GTM": "Porco, Talho, Categoria Referência SFCC",
        "Data_Coleta": "2025-06-01 01:34:39"
    },
    {
        "ID_Produto": "421154",
        "Categoria_Scraping": "talho",
        "Nome": "Canjinha de Frango do Campo Embalada",
        "Marca": "Nosso Talho",
        "Preco": 5.48,
        "Unidade_Info": "0.6 Kg",
        "Categorias_GTM": "Frango, Peru e Pato, Talho, Categoria Referência SFCC",
        "Data_Coleta": "2025-06-01 01:34:39"
    },
    {
        "ID_Produto": "250265",
        "Categoria_Scraping": "talho",
        "Nome": "Costeletas de Borrego",
        "Marca": "Nosso Talho",
        "Preco": 15.99,
        "Unidade_Info": "0.1 Kg",
        "Categorias_GTM": "Outras Carnes, Talho, Categoria Referência SFCC",
        "Data_Coleta": "2025-06-01 01:34:39"
    },
    {
        "ID_Produto": "250128",
        "Categoria_Scraping": "talho",
        "Nome": "Costeletas de Porco",
        "Marca": "Nosso Talho",
        "Preco": 4.99,
        "Unidade_Info": "0.15 Kg",
        "Categorias_GTM": "Porco, Talho, Categoria Referência SFCC",
        "Data_Coleta": "2025-06-01 01:34:39"
    },
    {
        "ID_Produto": "959142",
        "Categoria_Scraping": "talho",
        "Nome": "Costeletas do Cachaço de Porco Embaladas",
        "Marca": "Nosso Talho",
        "Preco": 5.98,
        "Unidade_Info": "0.6 Kg",
        "Categorias_GTM": "Categoria Referência SFCC, Porco, Talho",
        "Data_Coleta": "2025-06-01 01:34:39"
    },
    {
        "ID_Produto": "959149",
        "Categoria_Scraping": "talho",
        "Nome": "Costeletas do Lombo de Porco Embaladas",
        "Marca": "Nosso Talho",
        "Preco": 5.98,
        "Unidade_Info": "0.6 Kg",
        "Categorias_GTM": "Porco, Talho, Categoria Referência SFCC",
        "Data_Coleta": "2025-06-01 01:34:39"
    },
    {
        "ID_Produto": "976904",
        "Categoria_Scraping": "talho",
        "Nome": "Coxas de Frango Embaladas",
        "Marca": "Nosso Talho",
        "Preco": 4.48,
        "Unidade_Info": "0.6 Kg",
        "Categorias_GTM": "Talho, Frango, Peru e Pato, Categoria Referência SFCC",
        "Data_Coleta": "2025-06-01 01:34:39"
    },
    {
        "ID_Produto": "250170",
        "Categoria_Scraping": "talho",
        "Nome": "Entremeada de Porco com Entrecosto",
        "Marca": "Nosso Talho",
        "Preco": 4.29,
        "Unidade_Info": "0.2 Kg",
        "Categorias_GTM": "Porco, Talho, Categoria Referência SFCC, Poupe Este Fim De Semana, Promoções",
        "Data_Coleta": "2025-06-01 01:34:39"
    },
    {
        "ID_Produto": "959143",
        "Categoria_Scraping": "talho",
        "Nome": "Entremeada de Porco Embalada",
        "Marca": "Nosso Talho",
        "Preco": 5.98,
        "Unidade_Info": "0.6 Kg",
        "Categorias_GTM": "Porco, Talho, Categoria Referência SFCC",
        "Data_Coleta": "2025-06-01 01:34:39"
    },
    {
        "ID_Produto": "654916",
        "Categoria_Scraping": "talho",
        "Nome": "Espetadas de Peru",
        "Marca": "Nosso Talho",
        "Preco": 6.85,
        "Unidade_Info": "0.15 Kg",
        "Categorias_GTM": "Categoria Referência SFCC, Frango, Peru e Pato, Talho",
        "Data_Coleta": "2025-06-01 01:34:39"
    },
    {
        "ID_Produto": "736380",
        "Categoria_Scraping": "talho",
        "Nome": "Espetadas de Peru com Ananás Embaladas",
        "Marca": "Nosso Talho",
        "Preco": 4.59,
        "Unidade_Info": "0.65 Kg | 7,06 €/Kg",
        "Categorias_GTM": "Categoria Referência SFCC, Frango, Peru e Pato, Talho",
        "Data_Coleta": "2025-06-01 01:34:45"
    },
    {
        "ID_Produto": "378379",
        "Categoria_Scraping": "talho",
        "Nome": "Frango Inteiro com Miúdos Embalado 2 Unidades",
        "Marca": "Nosso Talho",
        "Preco": 2.34,
        "Unidade_Info": "1.4 Kg",
        "Categorias_GTM": "Frango, Peru e Pato, Talho, Categoria Referência SFCC",
        "Data_Coleta": "2025-06-01 01:34:45"
    },
    {
        "ID_Produto": "476488",
        "Categoria_Scraping": "talho",
        "Nome": "Frango para Churrasco Embalado",
        "Marca": "Nosso Talho",
        "Preco": 3.48,
        "Unidade_Info": "1.1 Kg",
        "Categorias_GTM": "Categoria Referência SFCC, Frango, Peru e Pato, Talho",
        "Data_Coleta": "2025-06-01 01:34:45"
    },
    {
        "ID_Produto": "378458",
        "Categoria_Scraping": "talho",
        "Nome": "Pato Inteiro com Miúdos Embalado",
        "Marca": "Nosso Talho",
        "Preco": 4.48,
        "Unidade_Info": "2.4 Kg",
        "Categorias_GTM": "Frango, Peru e Pato, Talho, Categoria Referência SFCC",
        "Data_Coleta": "2025-06-01 01:34:45"
    },
    {
        "ID_Produto": "543987",
        "Categoria_Scraping": "talho",
        "Nome": "Perna de Frango Com Costa",
        "Marca": "Nosso Talho",
        "Preco": 2.29,
        "Unidade_Info": "0.2 Kg",
        "Categorias_GTM": "Categoria Referência SFCC, Frango, Peru e Pato, Talho, Poupe Este Fim De Semana, Poupe Esta Semana",
        "Data_Coleta": "2025-06-01 01:34:45"
    },
    {
        "ID_Produto": "421308",
        "Categoria_Scraping": "talho",
        "Nome": "Perna de Frango do Campo Embalada",
        "Marca": "Nosso Talho",
        "Preco": 7.48,
        "Unidade_Info": "0.6 Kg",
        "Categorias_GTM": "Frango, Peru e Pato, Talho, Categoria Referência SFCC",
        "Data_Coleta": "2025-06-01 01:34:45"
    },
    {
        "ID_Produto": "633840",
        "Categoria_Scraping": "talho",
        "Nome": "Preparado de Carne Picada de Peru Embalado",
        "Marca": "Nosso Talho",
        "Preco": 2.49,
        "Unidade_Info": "0.46 Kg | 5,41 €/Kg",
        "Categorias_GTM": "Categoria Referência SFCC, Frango, Peru e Pato, Talho",
        "Data_Coleta": "2025-06-01 01:34:45"
    },
    {
        "ID_Produto": "961254",
        "Categoria_Scraping": "talho",
        "Nome": "Preparado de Carne Picada de Porco Embalada",
        "Marca": "Nosso Talho",
        "Preco": 3.69,
        "Unidade_Info": "0.5 Kg | 7,38 €/Un",
        "Categorias_GTM": "Picados e Salsichas, Talho, Categoria Referência SFCC",
        "Data_Coleta": "2025-06-01 01:34:45"
    },
    {
        "ID_Produto": "646428",
        "Categoria_Scraping": "talho",
        "Nome": "Salsicha Fresca de Porco",
        "Marca": "Nosso Talho",
        "Preco": 5.39,
        "Unidade_Info": "0.11 Kg",
        "Categorias_GTM": "Categoria Referência SFCC, Porco, Talho, Poupe Este Fim De Semana, Promoções",
        "Data_Coleta": "2025-06-01 01:34:45"
    },
    {
        "ID_Produto": "926208",
        "Categoria_Scraping": "talho",
        "Nome": "Tiras de Entrecosto de Porco Congeladas",
        "Marca": "Nosso Talho",
        "Preco": 6.49,
        "Unidade_Info": "0.9 Kg",
        "Categorias_GTM": "Porco, Talho, Categoria Referência SFCC",
        "Data_Coleta": "2025-06-01 01:34:45"
    },
    {
        "ID_Produto": "465639",
        "Categoria_Scraping": "talho",
        "Nome": "Asas de Frango Embaladas",
        "Marca": "Nosso Talho",
        "Preco": 2.88,
        "Unidade_Info": "0.6 Kg",
        "Categorias_GTM": "Categoria Referência SFCC, Frango, Peru e Pato, Talho",
        "Data_Coleta": "2025-06-01 01:34:45"
    },
    {
        "ID_Produto": "250186",
        "Categoria_Scraping": "talho",
        "Nome": "Bife da Pá e Acém de Vitela",
        "Marca": "Nosso Talho",
        "Preco": 10.48,
        "Unidade_Info": "0.25 Kg",
        "Categorias_GTM": "Bovino, Novilho e Vitelão, Talho, Categoria Referência SFCC, Poupe Este Fim De Semana, Poupe Esta Semana",
        "Data_Coleta": "2025-06-01 01:34:45"
    },
    {
        "ID_Produto": "665775",
        "Categoria_Scraping": "talho",
        "Nome": "Bife da Vazia",
        "Marca": "Nosso Talho",
        "Preco": 14.98,
        "Unidade_Info": "0.3 Kg",
        "Categorias_GTM": "Categoria Referência SFCC, Bovino, Novilho e Vitelão, Talho",
        "Data_Coleta": "2025-06-01 01:34:50"
    },
    {
        "ID_Produto": "346730",
        "Categoria_Scraping": "talho",
        "Nome": "Bife do Lombo de Porco",
        "Marca": "Nosso Talho",
        "Preco": 6.99,
        "Unidade_Info": "0.5 Kg",
        "Categorias_GTM": "Categoria Referência SFCC, Porco, Talho",
        "Data_Coleta": "2025-06-01 01:34:50"
    },
    {
        "ID_Produto": "921768",
        "Categoria_Scraping": "talho",
        "Nome": "Bifes de Frango Panados Embalados",
        "Marca": "Nosso Talho",
        "Preco": 8.69,
        "Unidade_Info": "0.5 Kg",
        "Categorias_GTM": "Frango, Peru e Pato, Talho, Categoria Referência SFCC",
        "Data_Coleta": "2025-06-01 01:34:50"
    },
    {
        "ID_Produto": "959146",
        "Categoria_Scraping": "talho",
        "Nome": "Bifinhos do Cachaço de Porco Embalados",
        "Marca": "Nosso Talho",
        "Preco": 7.98,
        "Unidade_Info": "0.6 Kg",
        "Categorias_GTM": "Porco, Talho, Categoria Referência SFCC",
        "Data_Coleta": "2025-06-01 01:34:50"
    },
    {
        "ID_Produto": "697446",
        "Categoria_Scraping": "talho",
        "Nome": "Bifinhos do Lombo de Porco Panados",
        "Marca": "Nosso Talho",
        "Preco": 4.19,
        "Unidade_Info": "0.4 Kg | 10,48 €/Kg",
        "Categorias_GTM": "Porco, Talho, Categoria Referência SFCC",
        "Data_Coleta": "2025-06-01 01:34:50"
    },
    {
        "ID_Produto": "544058",
        "Categoria_Scraping": "talho",
        "Nome": "Codornizes",
        "Marca": "Nosso Talho",
        "Preco": 1.19,
        "Unidade_Info": "0.1 Kg | 7,44 €/Kg",
        "Categorias_GTM": "Categoria Referência SFCC, Frango, Peru e Pato, Talho",
        "Data_Coleta": "2025-06-01 01:34:50"
    },
    {
        "ID_Produto": "250179",
        "Categoria_Scraping": "talho",
        "Nome": "Costeletas de Vitela",
        "Marca": "Nosso Talho",
        "Preco": 13.98,
        "Unidade_Info": "0.3 Kg",
        "Categorias_GTM": "Bovino, Novilho e Vitelão, Talho, Categoria Referência SFCC",
        "Data_Coleta": "2025-06-01 01:34:50"
    },
    {
        "ID_Produto": "622066",
        "Categoria_Scraping": "talho",
        "Nome": "Escalopes de Vitelão",
        "Marca": "Nosso Talho",
        "Preco": 15.98,
        "Unidade_Info": "0.5 Kg",
        "Categorias_GTM": "Bovino, Novilho e Vitelão, Talho, Categoria Referência SFCC",
        "Data_Coleta": "2025-06-01 01:34:50"
    },
    {
        "ID_Produto": "812473",
        "Categoria_Scraping": "talho",
        "Nome": "Hambúrguer de Novilho Angus Embalado",
        "Marca": "Nosso Talho",
        "Preco": 6.48,
        "Unidade_Info": "0.4 Kg | 16,2 €/Kg",
        "Categorias_GTM": "Bovino, Novilho e Vitelão, Talho, Categoria Referência SFCC, Poupe Esta Semana, Promoções",
        "Data_Coleta": "2025-06-01 01:34:50"
    },
    {
        "ID_Produto": "961252",
        "Categoria_Scraping": "talho",
        "Nome": "Hambúrguer de Porco Embalado",
        "Marca": "Nosso Talho",
        "Preco": 2.89,
        "Unidade_Info": "0.44 Kg | 6,57 €/Un",
        "Categorias_GTM": "Porco, Talho, Categoria Referência SFCC",
        "Data_Coleta": "2025-06-01 01:34:50"
    },
    {
        "ID_Produto": "378433",
        "Categoria_Scraping": "talho",
        "Nome": "Metade de Pato sem Miúdos Embalado",
        "Marca": "Nosso Talho",
        "Preco": 4.98,
        "Unidade_Info": "0.65 Kg",
        "Categorias_GTM": "Frango, Peru e Pato, Talho, Categoria Referência SFCC",
        "Data_Coleta": "2025-06-01 01:34:50"
    },
    {
        "ID_Produto": "901037",
        "Categoria_Scraping": "talho",
        "Nome": "Pato Inteiro Confitado Embalado",
        "Marca": "Nosso Talho",
        "Preco": 12.49,
        "Unidade_Info": "2.2 Kg | 12,49 €/Un",
        "Categorias_GTM": "Frango, Peru e Pato, Talho, Categoria Referência SFCC",
        "Data_Coleta": "2025-06-01 01:34:50"
    },
    {
        "ID_Produto": "442056",
        "Categoria_Scraping": "talho",
        "Nome": "Perna de Perú",
        "Marca": "Nosso Talho",
        "Preco": 4.48,
        "Unidade_Info": "2 Kg",
        "Categorias_GTM": "Categoria Referência SFCC, Frango, Peru e Pato, Talho",
        "Data_Coleta": "2025-06-01 01:34:56"
    },
    {
        "ID_Produto": "776056",
        "Categoria_Scraping": "talho",
        "Nome": "Pernas de Pato Confitada Embaladas",
        "Marca": "Nosso Talho",
        "Preco": 3.49,
        "Unidade_Info": "0.25 Kg | 13,96 €/Kg",
        "Categorias_GTM": "Frango, Peru e Pato, Talho, Categoria Referência SFCC",
        "Data_Coleta": "2025-06-01 01:34:56"
    },
    {
        "ID_Produto": "657964",
        "Categoria_Scraping": "talho",
        "Nome": "Picanha Europa",
        "Marca": "Nosso Talho",
        "Preco": 14.98,
        "Unidade_Info": "1.9 Kg",
        "Categorias_GTM": "Bovino, Novilho e Vitelão, Talho, Categoria Referência SFCC",
        "Data_Coleta": "2025-06-01 01:34:56"
    },
    {
        "ID_Produto": "812474",
        "Categoria_Scraping": "talho",
        "Nome": "Preparado de Carne Picada de Novilho Angus Embalado",
        "Marca": "Nosso Talho",
        "Preco": 6.48,
        "Unidade_Info": "0.4 Kg | 16,2 €/Kg",
        "Categorias_GTM": "Picados e Salsichas, Talho, Categoria Referência SFCC, Poupe Esta Semana, Promoções",
        "Data_Coleta": "2025-06-01 01:34:56"
    },
    {
        "ID_Produto": "907821",
        "Categoria_Scraping": "talho",
        "Nome": "Preparado de Carne Picada de Vitelão Embalado",
        "Marca": "Nosso Talho",
        "Preco": 9.99,
        "Unidade_Info": "0.55 Kg",
        "Categorias_GTM": "Picados e Salsichas, Talho, Categoria Referência SFCC",
        "Data_Coleta": "2025-06-01 01:34:56"
    },
    {
        "ID_Produto": "250125",
        "Categoria_Scraping": "talho",
        "Nome": "Rojões de Porco",
        "Marca": "Nosso Talho",
        "Preco": 4.99,
        "Unidade_Info": "0.5 Kg",
        "Categorias_GTM": "Porco, Talho, Categoria Referência SFCC",
        "Data_Coleta": "2025-06-01 01:34:56"
    },
    {
        "ID_Produto": "250189",
        "Categoria_Scraping": "talho",
        "Nome": "Vitela para Cozer/Estufar",
        "Marca": "Nosso Talho",
        "Preco": 8.98,
        "Unidade_Info": "0.5 Kg",
        "Categorias_GTM": "Promoções, Poupe Esta Semana, Bovino, Novilho e Vitelão, Talho, Categoria Referência SFCC",
        "Data_Coleta": "2025-06-01 01:34:56"
    },
    {
        "ID_Produto": "812475",
        "Categoria_Scraping": "talho",
        "Nome": "Almôndegas de Novilho Angus Embaladas",
        "Marca": "Nosso Talho",
        "Preco": 6.98,
        "Unidade_Info": "0.4 Kg | 17,45 €/Kg",
        "Categorias_GTM": "Categoria Referência SFCC, Bovino, Novilho e Vitelão, Talho",
        "Data_Coleta": "2025-06-01 01:34:56"
    },
    {
        "ID_Produto": "421152",
        "Categoria_Scraping": "talho",
        "Nome": "Asas de Frango do Campo Embaladas",
        "Marca": "Nosso Talho",
        "Preco": 2.98,
        "Unidade_Info": "0.6 Kg",
        "Categorias_GTM": "Frango, Peru e Pato, Talho, Categoria Referência SFCC",
        "Data_Coleta": "2025-06-01 01:34:56"
    },
    {
        "ID_Produto": "346731",
        "Categoria_Scraping": "talho",
        "Nome": "Bife do Cachaço de Porco",
        "Marca": "Nosso Talho",
        "Preco": 6.99,
        "Unidade_Info": "0.4 Kg",
        "Categorias_GTM": "Porco, Talho, Categoria Referência SFCC",
        "Data_Coleta": "2025-06-01 01:34:56"
    },
    {
        "ID_Produto": "853105",
        "Categoria_Scraping": "talho",
        "Nome": "Bife do Lombo de Novilho Angus Embalado",
        "Marca": "Nosso Talho",
        "Preco": 36.98,
        "Unidade_Info": "0.2 Kg",
        "Categorias_GTM": "Categoria Referência SFCC, Bovino, Novilho e Vitelão, Talho",
        "Data_Coleta": "2025-06-01 01:34:56"
    },
    {
        "ID_Produto": "250178",
        "Categoria_Scraping": "talho",
        "Nome": "Bife do Lombo de Vitela",
        "Marca": "Nosso Talho",
        "Preco": 27.98,
        "Unidade_Info": "0.25 Kg",
        "Categorias_GTM": "Bovino, Novilho e Vitelão, Talho, Categoria Referência SFCC",
        "Data_Coleta": "2025-06-01 01:34:56"
    },
    {
        "ID_Produto": "250182",
        "Categoria_Scraping": "talho",
        "Nome": "Bife do Redondo de Vitela",
        "Marca": "Nosso Talho",
        "Preco": 13.48,
        "Unidade_Info": "0.25 Kg",
        "Categorias_GTM": "Bovino, Novilho e Vitelão, Talho, Categoria Referência SFCC, Poupe Este Fim De Semana, Poupe Esta Semana",
        "Data_Coleta": "2025-06-01 01:35:02"
    },
    {
        "ID_Produto": "921769",
        "Categoria_Scraping": "talho",
        "Nome": "Bifes de Perú Panados",
        "Marca": "Nosso Talho",
        "Preco": 8.99,
        "Unidade_Info": "0.5 Kg",
        "Categorias_GTM": "Frango, Peru e Pato, Talho, Categoria Referência SFCC",
        "Data_Coleta": "2025-06-01 01:35:02"
    },
    {
        "ID_Produto": "409426",
        "Categoria_Scraping": "talho",
        "Nome": "Cabrito",
        "Marca": "Nosso Talho",
        "Preco": 10.98,
        "Unidade_Info": "6 Kg",
        "Categorias_GTM": "Outras Carnes, Talho, Categoria Referência SFCC, Poupe Esta Semana, Promoções",
        "Data_Coleta": "2025-06-01 01:35:02"
    },
    {
        "ID_Produto": "250175",
        "Categoria_Scraping": "talho",
        "Nome": "Entrecosto de Porco para Grelhar",
        "Marca": "Nosso Talho",
        "Preco": 4.79,
        "Unidade_Info": "1.6 Kg",
        "Categorias_GTM": "Porco, Talho, Categoria Referência SFCC, Poupe Este Fim De Semana, Poupe Esta Semana",
        "Data_Coleta": "2025-06-01 01:35:02"
    },
    {
        "ID_Produto": "911730",
        "Categoria_Scraping": "talho",
        "Nome": "Espetadas de Porco Embaladas",
        "Marca": "Nosso Talho",
        "Preco": 7.69,
        "Unidade_Info": "0.57 Kg",
        "Categorias_GTM": "Porco, Talho, Categoria Referência SFCC",
        "Data_Coleta": "2025-06-01 01:35:02"
    },
    {
        "ID_Produto": "622072",
        "Categoria_Scraping": "talho",
        "Nome": "Fondue de Vitelão",
        "Marca": "Nosso Talho",
        "Preco": 15.98,
        "Unidade_Info": "0.5 Kg",
        "Categorias_GTM": "Categoria Referência SFCC, Bovino, Novilho e Vitelão, Talho",
        "Data_Coleta": "2025-06-01 01:35:02"
    },
    {
        "ID_Produto": "821504",
        "Categoria_Scraping": "talho",
        "Nome": "Hambúrguer de Novilho Angus Embalado 4 unidades",
        "Marca": "Nosso Talho",
        "Preco": 5.98,
        "Unidade_Info": "0.3 Kg | 19,93 €/Kg",
        "Categorias_GTM": "Bovino, Novilho e Vitelão, Talho, Categoria Referência SFCC",
        "Data_Coleta": "2025-06-01 01:35:02"
    },
    {
        "ID_Produto": "945549",
        "Categoria_Scraping": "talho",
        "Nome": "Hambúrguer de Vitelão Embalado",
        "Marca": "Nosso Talho",
        "Preco": 9.99,
        "Unidade_Info": "0.46 Kg",
        "Categorias_GTM": "Categoria Referência SFCC, Bovino, Novilho e Vitelão, Talho",
        "Data_Coleta": "2025-06-01 01:35:02"
    },
    {
        "ID_Produto": "465788",
        "Categoria_Scraping": "talho",
        "Nome": "Moelas de Frango Embaladas",
        "Marca": "Nosso Talho",
        "Preco": 4.47,
        "Unidade_Info": "0.6 Kg",
        "Categorias_GTM": "Categoria Referência SFCC, Frango, Peru e Pato, Talho",
        "Data_Coleta": "2025-06-01 01:35:02"
    },
    {
        "ID_Produto": "669101",
        "Categoria_Scraping": "talho",
        "Nome": "Peito de Pato Embalado",
        "Marca": "Nosso Talho",
        "Preco": 18.48,
        "Unidade_Info": "0.35 Kg",
        "Categorias_GTM": "Categoria Referência SFCC, Frango, Peru e Pato, Talho",
        "Data_Coleta": "2025-06-01 01:35:02"
    },
    {
        "ID_Produto": "229453",
        "Categoria_Scraping": "talho",
        "Nome": "Picanha América do Sul",
        "Marca": "Nosso Talho",
        "Preco": 20.98,
        "Unidade_Info": "1.6 Kg",
        "Categorias_GTM": "Bovino, Novilho e Vitelão, Talho, Categoria Referência SFCC",
        "Data_Coleta": "2025-06-01 01:35:02"
    },
    {
        "ID_Produto": "253998",
        "Categoria_Scraping": "talho",
        "Nome": "Preparado de Carne Picada de Vitela",
        "Marca": "Nosso Talho",
        "Preco": 8.98,
        "Unidade_Info": "0.5 Kg",
        "Categorias_GTM": "Promoções, Poupe Esta Semana, Bovino, Novilho e Vitelão, Talho, Categoria Referência SFCC",
        "Data_Coleta": "2025-06-01 01:35:02"
    },
    {
        "ID_Produto": "474580",
        "Categoria_Scraping": "talho",
        "Nome": "Peru Inteiro Embalado",
        "Marca": "Nosso Talho",
        "Preco": 4.98,
        "Unidade_Info": "5 Kg",
        "Categorias_GTM": "Categoria Referência SFCC, Frango, Peru e Pato, Talho",
        "Data_Coleta": "2025-06-01 01:35:08"
    },
    {
        "ID_Produto": "377932",
        "Categoria_Scraping": "talho",
        "Nome": "Polarda Inteira Embalada",
        "Marca": "Nosso Talho",
        "Preco": 6.48,
        "Unidade_Info": "2.5 Kg",
        "Categorias_GTM": "Frango, Peru e Pato, Talho, Categoria Referência SFCC",
        "Data_Coleta": "2025-06-01 01:35:08"
    },
    {
        "ID_Produto": "961253",
        "Categoria_Scraping": "talho",
        "Nome": "Almôndegas de Porco Embaladas",
        "Marca": "Nosso Talho",
        "Preco": 2.86,
        "Unidade_Info": "0.36 Kg | 7,94 €/Un",
        "Categorias_GTM": "Porco, Talho, Categoria Referência SFCC",
        "Data_Coleta": "2025-06-01 01:35:08"
    },
    {
        "ID_Produto": "954284",
        "Categoria_Scraping": "talho",
        "Nome": "Almôndegas de Vitelão Embaladas",
        "Marca": "Nosso Talho",
        "Preco": 9.99,
        "Unidade_Info": "0.36 Kg",
        "Categorias_GTM": "Categoria Referência SFCC, Bovino, Novilho e Vitelão, Talho",
        "Data_Coleta": "2025-06-01 01:35:08"
    },
    {
        "ID_Produto": "907806",
        "Categoria_Scraping": "talho",
        "Nome": "Bife da Pá e Acém de Vitelão Embalado",
        "Marca": "Nosso Talho",
        "Preco": 12.18,
        "Unidade_Info": "0.25 Kg",
        "Categorias_GTM": "Bovino, Novilho e Vitelão, Talho, Categoria Referência SFCC",
        "Data_Coleta": "2025-06-01 01:35:08"
    },
    {
        "ID_Produto": "723066",
        "Categoria_Scraping": "talho",
        "Nome": "Bife da Rabadilha de Bovino",
        "Marca": "Nosso Talho",
        "Preco": 10.78,
        "Unidade_Info": "0.25 Kg",
        "Categorias_GTM": "Categoria Referência SFCC, Bovino, Novilho e Vitelão, Talho, Poupe Este Fim De Semana, Promoções",
        "Data_Coleta": "2025-06-01 01:35:08"
    },
    {
        "ID_Produto": "282016",
        "Categoria_Scraping": "talho",
        "Nome": "Bife da Vazia de Bovino AM/NZ/AU",
        "Marca": "Nosso Talho",
        "Preco": 14.98,
        "Unidade_Info": "0.3 Kg",
        "Categorias_GTM": "Bovino, Novilho e Vitelão, Talho, Categoria Referência SFCC, Poupe Este Fim De Semana, Poupe Esta Semana",
        "Data_Coleta": "2025-06-01 01:35:08"
    },
    {
        "ID_Produto": "853104",
        "Categoria_Scraping": "talho",
        "Nome": "Bife da Vazia de Novilho Angus Embalado",
        "Marca": "Nosso Talho",
        "Preco": 30.48,
        "Unidade_Info": "0.25 Kg",
        "Categorias_GTM": "Bovino, Novilho e Vitelão, Talho, Categoria Referência SFCC",
        "Data_Coleta": "2025-06-01 01:35:08"
    },
    {
        "ID_Produto": "913639",
        "Categoria_Scraping": "talho",
        "Nome": "Bife da Vazia Vitelão Embalado",
        "Marca": "Nosso Talho",
        "Preco": 18.29,
        "Unidade_Info": "0.35 Kg",
        "Categorias_GTM": "Bovino, Novilho e Vitelão, Talho, Categoria Referência SFCC",
        "Data_Coleta": "2025-06-01 01:35:08"
    },
    {
        "ID_Produto": "907818",
        "Categoria_Scraping": "talho",
        "Nome": "Bife do Lombo de Vitelão Embalado",
        "Marca": "Nosso Talho",
        "Preco": 26.99,
        "Unidade_Info": "0.25 Kg",
        "Categorias_GTM": "Bovino, Novilho e Vitelão, Talho, Categoria Referência SFCC",
        "Data_Coleta": "2025-06-01 01:35:08"
    },
    {
        "ID_Produto": "833826",
        "Categoria_Scraping": "talho",
        "Nome": "Bife do Redondo de Novilho Angus Embalado",
        "Marca": "Nosso Talho",
        "Preco": 22.98,
        "Unidade_Info": "0.4 Kg",
        "Categorias_GTM": "Poupe Esta Semana, Promoções, Categoria Referência SFCC, Bovino, Novilho e Vitelão, Talho",
        "Data_Coleta": "2025-06-01 01:35:08"
    },
    {
        "ID_Produto": "697121",
        "Categoria_Scraping": "talho",
        "Nome": "Borrego",
        "Marca": "Nosso Talho",
        "Preco": 10.98,
        "Unidade_Info": "4 Kg",
        "Categorias_GTM": "Outras Carnes, Talho, Categoria Referência SFCC",
        "Data_Coleta": "2025-06-01 01:35:08"
    },
    {
        "ID_Produto": "823252",
        "Categoria_Scraping": "talho",
        "Nome": "Borrrego",
        "Marca": "Nosso Talho",
        "Preco": 10.98,
        "Unidade_Info": "16 Kg",
        "Categorias_GTM": "Outras Carnes, Talho, Categoria Referência SFCC",
        "Data_Coleta": "2025-06-01 01:35:14"
    },
    {
        "ID_Produto": "250136",
        "Categoria_Scraping": "talho",
        "Nome": "Cabeça de Porco com Osso",
        "Marca": "Nosso Talho",
        "Preco": 1.89,
        "Unidade_Info": "3 Kg",
        "Categorias_GTM": "Porco, Talho, Categoria Referência SFCC",
        "Data_Coleta": "2025-06-01 01:35:14"
    },
    {
        "ID_Produto": "250316",
        "Categoria_Scraping": "talho",
        "Nome": "Cabeça de Porco sem Osso",
        "Marca": "Nosso Talho",
        "Preco": 3.99,
        "Unidade_Info": "1.5 Kg",
        "Categorias_GTM": "Porco, Talho, Categoria Referência SFCC",
        "Data_Coleta": "2025-06-01 01:35:14"
    },
    {
        "ID_Produto": "970699",
        "Categoria_Scraping": "talho",
        "Nome": "Cabrito Inteiro",
        "Marca": "Nosso Talho",
        "Preco": 13.98,
        "Unidade_Info": "6 Kg",
        "Categorias_GTM": "Outras Carnes, Talho, Categoria Referência SFCC",
        "Data_Coleta": "2025-06-01 01:35:14"
    },
    {
        "ID_Produto": "250269",
        "Categoria_Scraping": "talho",
        "Nome": "Cachaço de Borrego",
        "Marca": "Nosso Talho",
        "Preco": 9.99,
        "Unidade_Info": "0.54 Kg",
        "Categorias_GTM": "Outras Carnes, Talho, Categoria Referência SFCC",
        "Data_Coleta": "2025-06-01 01:35:14"
    },
    {
        "ID_Produto": "378328",
        "Categoria_Scraping": "talho",
        "Nome": "Capão Embalado",
        "Marca": "Nosso Talho",
        "Preco": 10.98,
        "Unidade_Info": "3.5 Kg",
        "Categorias_GTM": "Frango, Peru e Pato, Talho, Categoria Referência SFCC",
        "Data_Coleta": "2025-06-01 01:35:14"
    },
    {
        "ID_Produto": "642965",
        "Categoria_Scraping": "talho",
        "Nome": "Carcaça de Porco para Espeto",
        "Marca": "Nosso Talho",
        "Preco": 4.89,
        "Unidade_Info": "0.14 Kg",
        "Categorias_GTM": "Porco, Talho, Categoria Referência SFCC",
        "Data_Coleta": "2025-06-01 01:35:14"
    },
    {
        "ID_Produto": "921120",
        "Categoria_Scraping": "talho",
        "Nome": "Carne para Cozido",
        "Marca": "Nosso Talho",
        "Preco": 5.79,
        "Unidade_Info": "0.8 Kg",
        "Categorias_GTM": "Porco, Talho, Categoria Referência SFCC",
        "Data_Coleta": "2025-06-01 01:35:14"
    },
    {
        "ID_Produto": "250294",
        "Categoria_Scraping": "talho",
        "Nome": "Chispe da Mão de Porco",
        "Marca": "Nosso Talho",
        "Preco": 2.99,
        "Unidade_Info": "0.3 Kg",
        "Categorias_GTM": "Porco, Talho, Categoria Referência SFCC",
        "Data_Coleta": "2025-06-01 01:35:14"
    },
    {
        "ID_Produto": "392172",
        "Categoria_Scraping": "talho",
        "Nome": "Coelho à Caçador Embalado",
        "Marca": "Nosso Talho",
        "Preco": 6.59,
        "Unidade_Info": "0.5 Kg",
        "Categorias_GTM": "Outras Carnes, Talho, Categoria Referência SFCC",
        "Data_Coleta": "2025-06-01 01:35:14"
    },
    {
        "ID_Produto": "970700",
        "Categoria_Scraping": "talho",
        "Nome": "Cordeiro de Leite",
        "Marca": "Nosso Talho",
        "Preco": 13.98,
        "Unidade_Info": "6 Kg",
        "Categorias_GTM": "Outras Carnes, Talho, Categoria Referência SFCC",
        "Data_Coleta": "2025-06-01 01:35:14"
    },
    {
        "ID_Produto": "194985",
        "Categoria_Scraping": "talho",
        "Nome": "Dobrada de Bovino  Embalada",
        "Marca": "Nosso Talho",
        "Preco": 4.97,
        "Unidade_Info": "0.5 Kg",
        "Categorias_GTM": "Bovino, Novilho e Vitelão, Talho, Categoria Referência SFCC",
        "Data_Coleta": "2025-06-01 01:35:14"
    },
    {
        "ID_Produto": "835487",
        "Categoria_Scraping": "talho",
        "Nome": "Entrecosto de Novilho Angus Embalado",
        "Marca": "Nosso Talho",
        "Preco": 31.98,
        "Unidade_Info": "0.2 Kg",
        "Categorias_GTM": "Categoria Referência SFCC, Bovino, Novilho e Vitelão, Talho",
        "Data_Coleta": "2025-06-01 01:35:21"
    },
    {
        "ID_Produto": "253753",
        "Categoria_Scraping": "talho",
        "Nome": "Escalopes de Vitela",
        "Marca": "Nosso Talho",
        "Preco": 15.98,
        "Unidade_Info": "0.5 Kg",
        "Categorias_GTM": "Bovino, Novilho e Vitelão, Talho, Categoria Referência SFCC",
        "Data_Coleta": "2025-06-01 01:35:21"
    },
    {
        "ID_Produto": "825339",
        "Categoria_Scraping": "talho",
        "Nome": "Espetadas de Porco",
        "Marca": "Nosso Talho",
        "Preco": 7.99,
        "Unidade_Info": "0.18 Kg",
        "Categorias_GTM": "Porco, Talho, Categoria Referência SFCC",
        "Data_Coleta": "2025-06-01 01:35:21"
    },
    {
        "ID_Produto": "171028",
        "Categoria_Scraping": "talho",
        "Nome": "Fígado de Bovino Embalado",
        "Marca": "Nosso Talho",
        "Preco": 4.97,
        "Unidade_Info": "0.5 Kg",
        "Categorias_GTM": "Bovino, Novilho e Vitelão, Talho, Categoria Referência SFCC",
        "Data_Coleta": "2025-06-01 01:35:21"
    },
    {
        "ID_Produto": "250299",
        "Categoria_Scraping": "talho",
        "Nome": "Fígado de Porco",
        "Marca": "Nosso Talho",
        "Preco": 2.99,
        "Unidade_Info": "1 Kg",
        "Categorias_GTM": "Porco, Talho, Categoria Referência SFCC",
        "Data_Coleta": "2025-06-01 01:35:21"
    },
    {
        "ID_Produto": "253749",
        "Categoria_Scraping": "talho",
        "Nome": "Fondue de Porco",
        "Marca": "Nosso Talho",
        "Preco": 6.99,
        "Unidade_Info": "0.5 Kg",
        "Categorias_GTM": "Porco, Talho, Categoria Referência SFCC",
        "Data_Coleta": "2025-06-01 01:35:21"
    },
    {
        "ID_Produto": "253750",
        "Categoria_Scraping": "talho",
        "Nome": "Fondue de Vitela",
        "Marca": "Nosso Talho",
        "Preco": 15.98,
        "Unidade_Info": "0.5 Kg",
        "Categorias_GTM": "Bovino, Novilho e Vitelão, Talho, Categoria Referência SFCC",
        "Data_Coleta": "2025-06-01 01:35:21"
    },
    {
        "ID_Produto": "250315",
        "Categoria_Scraping": "talho",
        "Nome": "Leitão (Até 10kg)",
        "Marca": "Nosso Talho",
        "Preco": 10.59,
        "Unidade_Info": "10 Kg",
        "Categorias_GTM": "Porco, Talho, Categoria Referência SFCC",
        "Data_Coleta": "2025-06-01 01:35:21"
    },
    {
        "ID_Produto": "392169",
        "Categoria_Scraping": "talho",
        "Nome": "Lombinhos de Coelho Embalado",
        "Marca": "Nosso Talho",
        "Preco": 10.89,
        "Unidade_Info": "0.5 Kg",
        "Categorias_GTM": "Outras Carnes, Talho, Categoria Referência SFCC",
        "Data_Coleta": "2025-06-01 01:35:21"
    },
    {
        "ID_Produto": "735481",
        "Categoria_Scraping": "talho",
        "Nome": "Maminha de Bovino Fatiada",
        "Marca": "Nosso Talho",
        "Preco": 13.98,
        "Unidade_Info": "1.2 Kg",
        "Categorias_GTM": "Bovino, Novilho e Vitelão, Talho, Categoria Referência SFCC",
        "Data_Coleta": "2025-06-01 01:35:21"
    },
    {
        "ID_Produto": "37557",
        "Categoria_Scraping": "talho",
        "Nome": "Maminha de Novilho Angus",
        "Marca": "Nosso Talho",
        "Preco": 15.48,
        "Unidade_Info": "0.3 Kg",
        "Categorias_GTM": "Bovino, Novilho e Vitelão, Talho, Categoria Referência SFCC",
        "Data_Coleta": "2025-06-01 01:35:21"
    },
    {
        "ID_Produto": "392171",
        "Categoria_Scraping": "talho",
        "Nome": "Mãozinhas de Coelho Embalado",
        "Marca": "Nosso Talho",
        "Preco": 11.99,
        "Unidade_Info": "0.5 Kg",
        "Categorias_GTM": "Outras Carnes, Talho, Categoria Referência SFCC",
        "Data_Coleta": "2025-06-01 01:35:21"
    },
    {
        "ID_Produto": "944815",
        "Categoria_Scraping": "talho",
        "Nome": "Mini Hambúrguer de Novilho Angus Embalado",
        "Marca": "Nosso Talho",
        "Preco": 4.98,
        "Unidade_Info": "0.2 Kg | 24,9 €/Kg",
        "Categorias_GTM": "Bovino, Novilho e Vitelão, Talho, Categoria Referência SFCC",
        "Data_Coleta": "2025-06-01 01:35:27"
    },
    {
        "ID_Produto": "977385",
        "Categoria_Scraping": "talho",
        "Nome": "Moelas de Frango Embaladas",
        "Marca": "Nosso Talho",
        "Preco": 4.47,
        "Unidade_Info": "0.5 Kg",
        "Categorias_GTM": "Frango, Peru e Pato, Talho, Categoria Referência SFCC",
        "Data_Coleta": "2025-06-01 01:35:27"
    },
    {
        "ID_Produto": "665701",
        "Categoria_Scraping": "talho",
        "Nome": "Morcela de Arroz",
        "Marca": "Nosso Talho",
        "Preco": 8.59,
        "Unidade_Info": "0.2 Kg",
        "Categorias_GTM": "Categoria Referência SFCC, Porco, Talho",
        "Data_Coleta": "2025-06-01 01:35:27"
    },
    {
        "ID_Produto": "253754",
        "Categoria_Scraping": "talho",
        "Nome": "Naco de Vitela para Pedra",
        "Marca": "Nosso Talho",
        "Preco": 15.98,
        "Unidade_Info": "0.5 Kg",
        "Categorias_GTM": "Bovino, Novilho e Vitelão, Talho, Categoria Referência SFCC",
        "Data_Coleta": "2025-06-01 01:35:27"
    },
    {
        "ID_Produto": "622070",
        "Categoria_Scraping": "talho",
        "Nome": "Naco na Pedra Vitelão",
        "Marca": "Nosso Talho",
        "Preco": 15.98,
        "Unidade_Info": "0.5 Kg",
        "Categorias_GTM": "Categoria Referência SFCC, Bovino, Novilho e Vitelão, Talho",
        "Data_Coleta": "2025-06-01 01:35:27"
    },
    {
        "ID_Produto": "665702",
        "Categoria_Scraping": "talho",
        "Nome": "Negrito",
        "Marca": "Nosso Talho",
        "Preco": 7.09,
        "Unidade_Info": "0.3 Kg",
        "Categorias_GTM": "Categoria Referência SFCC, Porco, Talho",
        "Data_Coleta": "2025-06-01 01:35:27"
    },
    {
        "ID_Produto": "275741",
        "Categoria_Scraping": "talho",
        "Nome": "Orelha de Porco",
        "Marca": "Nosso Talho",
        "Preco": 3.99,
        "Unidade_Info": "0.5 Kg",
        "Categorias_GTM": "Porco, Talho, Categoria Referência SFCC",
        "Data_Coleta": "2025-06-01 01:35:27"
    },
    {
        "ID_Produto": "865753",
        "Categoria_Scraping": "talho",
        "Nome": "Osso Buco de Vitelão",
        "Marca": "Nosso Talho",
        "Preco": 10.98,
        "Unidade_Info": "0.3 Kg",
        "Categorias_GTM": "Bovino, Novilho e Vitelão, Talho, Categoria Referência SFCC",
        "Data_Coleta": "2025-06-01 01:35:27"
    },
    {
        "ID_Produto": "250268",
        "Categoria_Scraping": "talho",
        "Nome": "Pá/Mão de Borrego",
        "Marca": "Nosso Talho",
        "Preco": 9.99,
        "Unidade_Info": "2.4 Kg",
        "Categorias_GTM": "Outras Carnes, Talho, Categoria Referência SFCC",
        "Data_Coleta": "2025-06-01 01:35:27"
    },
    {
        "ID_Produto": "250267",
        "Categoria_Scraping": "talho",
        "Nome": "Perna de Borrego",
        "Marca": "Nosso Talho",
        "Preco": 10.98,
        "Unidade_Info": "2 Kg",
        "Categorias_GTM": "Outras Carnes, Talho, Categoria Referência SFCC",
        "Data_Coleta": "2025-06-01 01:35:27"
    },
    {
        "ID_Produto": "669102",
        "Categoria_Scraping": "talho",
        "Nome": "Perna de Pato Embalada",
        "Marca": "Nosso Talho",
        "Preco": 9.48,
        "Unidade_Info": "0.35 Kg",
        "Categorias_GTM": "Categoria Referência SFCC, Frango, Peru e Pato, Talho",
        "Data_Coleta": "2025-06-01 01:35:27"
    },
    {
        "ID_Produto": "392170",
        "Categoria_Scraping": "talho",
        "Nome": "Pernas de Coelho Embalado",
        "Marca": "Nosso Talho",
        "Preco": 13.89,
        "Unidade_Info": "0.5 Kg",
        "Categorias_GTM": "Outras Carnes, Talho, Categoria Referência SFCC",
        "Data_Coleta": "2025-06-01 01:35:27"
    },
    {
        "ID_Produto": "865373",
        "Categoria_Scraping": "talho",
        "Nome": "Picanha de Novilho Angus Embalada",
        "Marca": "Nosso Talho",
        "Preco": 25.98,
        "Unidade_Info": "0.3 Kg",
        "Categorias_GTM": "Categoria Referência SFCC, Bovino, Novilho e Vitelão, Talho",
        "Data_Coleta": "2025-06-01 01:35:33"
    },
    {
        "ID_Produto": "250305",
        "Categoria_Scraping": "talho",
        "Nome": "Rabo de Porco",
        "Marca": "Nosso Talho",
        "Preco": 4.09,
        "Unidade_Info": "0.15 Kg",
        "Categorias_GTM": "Porco, Talho, Categoria Referência SFCC",
        "Data_Coleta": "2025-06-01 01:35:33"
    },
    {
        "ID_Produto": "250306",
        "Categoria_Scraping": "talho",
        "Nome": "Redanho de Porco",
        "Marca": "Nosso Talho",
        "Preco": 2.99,
        "Unidade_Info": "0.34 Kg",
        "Categorias_GTM": "Porco, Talho, Categoria Referência SFCC",
        "Data_Coleta": "2025-06-01 01:35:33"
    },
    {
        "ID_Produto": "823254",
        "Categoria_Scraping": "talho",
        "Nome": "Rim de Bovino Embalado",
        "Marca": "Nosso Talho",
        "Preco": 1.97,
        "Unidade_Info": "0.5 Kg",
        "Categorias_GTM": "Categoria Referência SFCC, Bovino, Novilho e Vitelão, Talho",
        "Data_Coleta": "2025-06-01 01:35:33"
    },
    {
        "ID_Produto": "250307",
        "Categoria_Scraping": "talho",
        "Nome": "Rim de Porco",
        "Marca": "Nosso Talho",
        "Preco": 2.59,
        "Unidade_Info": "0.16 Kg",
        "Categorias_GTM": "Porco, Talho, Categoria Referência SFCC",
        "Data_Coleta": "2025-06-01 01:35:33"
    },
    {
        "ID_Produto": "856758",
        "Categoria_Scraping": "talho",
        "Nome": "Rolo de Carne de Vitelão com Farinheira e Espinafres",
        "Marca": "Nosso Talho",
        "Preco": 10.99,
        "Unidade_Info": "0.95 Kg",
        "Categorias_GTM": "Bovino, Novilho e Vitelão, Talho, Categoria Referência SFCC",
        "Data_Coleta": "2025-06-01 01:35:33"
    },
    {
        "ID_Produto": "622065",
        "Categoria_Scraping": "talho",
        "Nome": "Rolo de Carne de Vitelão com Queijo e Fiambre",
        "Marca": "Nosso Talho",
        "Preco": 11.99,
        "Unidade_Info": "0.95 Kg",
        "Categorias_GTM": "Categoria Referência SFCC, Bovino, Novilho e Vitelão, Talho",
        "Data_Coleta": "2025-06-01 01:35:33"
    },
    {
        "ID_Produto": "699577",
        "Categoria_Scraping": "talho",
        "Nome": "Rolo de Carne de Vitelão Folhado com Queijo",
        "Marca": "Nosso Talho",
        "Preco": 13.49,
        "Unidade_Info": "1 Kg",
        "Categorias_GTM": "Categoria Referência SFCC, Bovino, Novilho e Vitelão, Talho",
        "Data_Coleta": "2025-06-01 01:35:33"
    },
    {
        "ID_Produto": "705196",
        "Categoria_Scraping": "talho",
        "Nome": "Salsicha Brasileira de Porco",
        "Marca": "Nosso Talho",
        "Preco": 5.39,
        "Unidade_Info": "0.1 Kg",
        "Categorias_GTM": "Porco, Talho, Categoria Referência SFCC, Poupe Este Fim De Semana, Promoções",
        "Data_Coleta": "2025-06-01 01:35:33"
    },
    {
        "ID_Produto": "865377",
        "Categoria_Scraping": "talho",
        "Nome": "Salsicha de Porco para Churrasco",
        "Marca": "Nosso Talho",
        "Preco": 2.69,
        "Unidade_Info": "0.35 Kg | 7,69 €/Kg",
        "Categorias_GTM": "Categoria Referência SFCC, Porco, Talho, Poupe Este Fim De Semana, Poupe Esta Semana",
        "Data_Coleta": "2025-06-01 01:35:33"
    },
    {
        "ID_Produto": "250309",
        "Categoria_Scraping": "talho",
        "Nome": "Sangue Cozido de Porco",
        "Marca": "Nosso Talho",
        "Preco": 3.69,
        "Unidade_Info": "0.5 Kg",
        "Categorias_GTM": "Porco, Talho, Categoria Referência SFCC",
        "Data_Coleta": "2025-06-01 01:35:33"
    },
    {
        "ID_Produto": "658186",
        "Categoria_Scraping": "talho",
        "Nome": "Strogonof de Porco",
        "Marca": "Nosso Talho",
        "Preco": 6.49,
        "Unidade_Info": "0.5 Kg",
        "Categorias_GTM": "Categoria Referência SFCC, Porco, Talho",
        "Data_Coleta": "2025-06-01 01:35:33"
    },
    {
        "ID_Produto": "977897",
        "Categoria_Scraping": "talho",
        "Nome": "Strogonoff de Peru Embalado",
        "Marca": "Nosso Talho",
        "Preco": 8.48,
        "Unidade_Info": "0.6 Kg",
        "Categorias_GTM": "Frango, Peru e Pato, Talho, Categoria Referência SFCC",
        "Data_Coleta": "2025-06-01 01:35:40"
    },
    {
        "ID_Produto": "253751",
        "Categoria_Scraping": "talho",
        "Nome": "Strogonoff de Vitela",
        "Marca": "Nosso Talho",
        "Preco": 15.98,
        "Unidade_Info": "0.5 Kg",
        "Categorias_GTM": "Bovino, Novilho e Vitelão, Talho, Categoria Referência SFCC",
        "Data_Coleta": "2025-06-01 01:35:40"
    },
    {
        "ID_Produto": "622071",
        "Categoria_Scraping": "talho",
        "Nome": "Strogonoff de Vitelão",
        "Marca": "Nosso Talho",
        "Preco": 15.98,
        "Unidade_Info": "0.5 Kg",
        "Categorias_GTM": "Categoria Referência SFCC, Bovino, Novilho e Vitelão, Talho",
        "Data_Coleta": "2025-06-01 01:35:40"
    },
    {
        "ID_Produto": "250314",
        "Categoria_Scraping": "talho",
        "Nome": "Unha de Porco",
        "Marca": "Nosso Talho",
        "Preco": 2.99,
        "Unidade_Info": "0.3 Kg",
        "Categorias_GTM": "Porco, Talho, Categoria Referência SFCC",
        "Data_Coleta": "2025-06-01 01:35:40"
    },
    {
        "ID_Produto": "721268",
        "Categoria_Scraping": "talho",
        "Nome": "Vazia de Vitelão",
        "Marca": "Nosso Talho",
        "Preco": 16.98,
        "Unidade_Info": "0.3 Kg",
        "Categorias_GTM": "Bovino, Novilho e Vitelão, Talho, Categoria Referência SFCC",
        "Data_Coleta": "2025-06-01 01:35:40"
    },
    {
        "ID_Produto": "44085",
        "Categoria_Scraping": "peixaria",
        "Nome": "Lombo de Atum Descongelado",
        "Marca": "Nossa Peixaria",
        "Preco": 11.99,
        "Unidade_Info": "0.33 Kg",
        "Categorias_GTM": "Peixaria, Peixe, Categoria Referência SFCC, Poupe Este Fim De Semana, Promoções",
        "Data_Coleta": "2025-06-01 01:36:20"
    },
    {
        "ID_Produto": "528329",
        "Categoria_Scraping": "peixaria",
        "Nome": "Sardinha Fresca",
        "Marca": "Nossa Peixaria",
        "Preco": 5.99,
        "Unidade_Info": "0.12 Kg",
        "Categorias_GTM": "Categoria Referência SFCC, Peixaria, Peixe, Promoções, Poupe Este Fim De Semana",
        "Data_Coleta": "2025-06-01 01:36:20"
    },
    {
        "ID_Produto": "303620",
        "Categoria_Scraping": "peixaria",
        "Nome": "Posta de Salmão Fresco",
        "Marca": "Nossa Peixaria",
        "Preco": 11.99,
        "Unidade_Info": "0.3 Kg",
        "Categorias_GTM": "Peixaria, Peixe, Categoria Referência SFCC, Poupe Este Fim De Semana, Promoções",
        "Data_Coleta": "2025-06-01 01:36:20"
    },
    {
        "ID_Produto": "44047",
        "Categoria_Scraping": "peixaria",
        "Nome": "Dourada 200/600 Fresca",
        "Marca": "Nossa Peixaria",
        "Preco": 7.99,
        "Unidade_Info": "0.5 Kg",
        "Categorias_GTM": "Peixaria, Peixe, Categoria Referência SFCC",
        "Data_Coleta": "2025-06-01 01:36:20"
    },
    {
        "ID_Produto": "835854",
        "Categoria_Scraping": "peixaria",
        "Nome": "Tranche de Salmão Fresca",
        "Marca": "Nossa Peixaria",
        "Preco": 2.99,
        "Unidade_Info": "0.15 Kg | 19,93 €/Kg",
        "Categorias_GTM": "Peixaria, Peixe, Categoria Referência SFCC, Poupe Este Fim De Semana, Promoções",
        "Data_Coleta": "2025-06-01 01:36:20"
    },
    {
        "ID_Produto": "906866",
        "Categoria_Scraping": "peixaria",
        "Nome": "Camarão Cozido 30/50 Fresco Embalado",
        "Marca": "Nossa Peixaria",
        "Preco": 6.95,
        "Unidade_Info": "0.5 Kg | 13,9 €/Kg",
        "Categorias_GTM": "Marisco, Peixaria, Categoria Referência SFCC, Poupe Este Fim De Semana, Promoções",
        "Data_Coleta": "2025-06-01 01:36:20"
    },
    {
        "ID_Produto": "451249",
        "Categoria_Scraping": "peixaria",
        "Nome": "Perca do Nilo Fresca",
        "Marca": "Nossa Peixaria",
        "Preco": 9.99,
        "Unidade_Info": "0.3 Kg",
        "Categorias_GTM": "Categoria Referência SFCC, Peixaria, Peixe, Poupe Este Fim De Semana, Promoções",
        "Data_Coleta": "2025-06-01 01:36:20"
    },
    {
        "ID_Produto": "44066",
        "Categoria_Scraping": "peixaria",
        "Nome": "Robalo 200/600 Fresco",
        "Marca": "Nossa Peixaria",
        "Preco": 7.49,
        "Unidade_Info": "0.4 Kg",
        "Categorias_GTM": "Peixaria, Peixe, Categoria Referência SFCC, Poupe Esta Semana, Promoções",
        "Data_Coleta": "2025-06-01 01:36:20"
    },
    {
        "ID_Produto": "373546",
        "Categoria_Scraping": "peixaria",
        "Nome": "Robalo 600/1000 Fresco",
        "Marca": "Nossa Peixaria",
        "Preco": 9.99,
        "Unidade_Info": "0.9 Kg",
        "Categorias_GTM": "Peixaria, Peixe, Categoria Referência SFCC",
        "Data_Coleta": "2025-06-01 01:36:20"
    },
    {
        "ID_Produto": "393179",
        "Categoria_Scraping": "peixaria",
        "Nome": "Dourada 600/1000 Fresca",
        "Marca": "Nossa Peixaria",
        "Preco": 8.99,
        "Unidade_Info": "0.9 Kg",
        "Categorias_GTM": "Peixaria, Peixe, Categoria Referência SFCC",
        "Data_Coleta": "2025-06-01 01:36:20"
    },
    {
        "ID_Produto": "303618",
        "Categoria_Scraping": "peixaria",
        "Nome": "Salmão Inteiro Fresco",
        "Marca": "Nossa Peixaria",
        "Preco": 7.99,
        "Unidade_Info": "4.2 Kg",
        "Categorias_GTM": "Peixaria, Peixe, Promoções, Poupe Esta Semana, Categoria Referência SFCC",
        "Data_Coleta": "2025-06-01 01:36:20"
    },
    {
        "ID_Produto": "813305",
        "Categoria_Scraping": "peixaria",
        "Nome": "Salmão Pequeno Fresco",
        "Marca": "Nossa Peixaria",
        "Preco": 7.99,
        "Unidade_Info": "2.8 Kg",
        "Categorias_GTM": "Peixaria, Peixe, Poupe Esta Semana, Poupe Este Fim De Semana, Categoria Referência SFCC",
        "Data_Coleta": "2025-06-01 01:36:20"
    },
    {
        "ID_Produto": "867745",
        "Categoria_Scraping": "peixaria",
        "Nome": "Dourada Nacional 300/600 Fresca",
        "Marca": "Nossa Peixaria",
        "Preco": 8.99,
        "Unidade_Info": "0.4 Kg",
        "Categorias_GTM": "Peixaria, Peixe, Categoria Referência SFCC",
        "Data_Coleta": "2025-06-01 01:36:34"
    },
    {
        "ID_Produto": "961620",
        "Categoria_Scraping": "peixaria",
        "Nome": "Lombos de Bacalhau Embalado",
        "Marca": "Nossa Peixaria",
        "Preco": 15.99,
        "Unidade_Info": "0.6 Kg | 26,65 €/Kg",
        "Categorias_GTM": "Bacalhau, Peixaria, Categoria Referência SFCC",
        "Data_Coleta": "2025-06-01 01:36:34"
    },
    {
        "ID_Produto": "947913",
        "Categoria_Scraping": "peixaria",
        "Nome": "Meio Polvo Cozido Congelado Embalado",
        "Marca": "Nossa Peixaria",
        "Preco": 9.99,
        "Unidade_Info": "0.25 Kg | 39,96 €/Kg",
        "Categorias_GTM": "Peixaria, Peixe, Categoria Referência SFCC",
        "Data_Coleta": "2025-06-01 01:36:34"
    },
    {
        "ID_Produto": "949194",
        "Categoria_Scraping": "peixaria",
        "Nome": "Migas de Bacalhau do Atlântico Embalado",
        "Marca": "Nossa Peixaria",
        "Preco": 4.99,
        "Unidade_Info": "0.4 Kg | 12,48 €/Kg",
        "Categorias_GTM": "Categoria Referência SFCC, Bacalhau, Peixaria",
        "Data_Coleta": "2025-06-01 01:36:34"
    },
    {
        "ID_Produto": "948726",
        "Categoria_Scraping": "peixaria",
        "Nome": "Migas de Bacalhau do Pacífico Embalado",
        "Marca": "Nossa Peixaria",
        "Preco": 3.99,
        "Unidade_Info": "0.4 Kg | 9,98 €/Kg",
        "Categorias_GTM": "Categoria Referência SFCC, Bacalhau, Peixaria",
        "Data_Coleta": "2025-06-01 01:36:34"
    },
    {
        "ID_Produto": "948727",
        "Categoria_Scraping": "peixaria",
        "Nome": "Migas de Bacalhau do Pacífico Embalado",
        "Marca": "Nossa Peixaria",
        "Preco": 9.89,
        "Unidade_Info": "1 Kg | 9,89 €/Kg",
        "Categorias_GTM": "Bacalhau, Peixaria, Categoria Referência SFCC",
        "Data_Coleta": "2025-06-01 01:36:34"
    },
    {
        "ID_Produto": "948725",
        "Categoria_Scraping": "peixaria",
        "Nome": "Migas de Paloco Embalado",
        "Marca": "Nossa Peixaria",
        "Preco": 6.59,
        "Unidade_Info": "1 Kg | 6,59 €/Kg",
        "Categorias_GTM": "Bacalhau, Peixaria, Categoria Referência SFCC",
        "Data_Coleta": "2025-06-01 01:36:34"
    },
    {
        "ID_Produto": "948177",
        "Categoria_Scraping": "peixaria",
        "Nome": "Migas de Paloco Embalado",
        "Marca": "Nossa Peixaria",
        "Preco": 2.69,
        "Unidade_Info": "0.4 Kg | 6,73 €/Kg",
        "Categorias_GTM": "Categoria Referência SFCC, Bacalhau, Peixaria",
        "Data_Coleta": "2025-06-01 01:36:34"
    },
    {
        "ID_Produto": "957937",
        "Categoria_Scraping": "peixaria",
        "Nome": "Ovas de Pescada Cozidas",
        "Marca": "Nossa Peixaria",
        "Preco": 4.99,
        "Unidade_Info": "0.2 Kg | 33,27 €/Kg",
        "Categorias_GTM": "Categoria Referência SFCC, Peixaria, Peixe, Poupe Este Fim De Semana, Poupe Esta Semana",
        "Data_Coleta": "2025-06-01 01:36:34"
    },
    {
        "ID_Produto": "858357",
        "Categoria_Scraping": "peixaria",
        "Nome": "Peixe Espada Preto Fresco",
        "Marca": "Nossa Peixaria",
        "Preco": 8.99,
        "Unidade_Info": "1.7 Kg",
        "Categorias_GTM": "Categoria Referência SFCC, Peixaria, Peixe",
        "Data_Coleta": "2025-06-01 01:36:34"
    },
    {
        "ID_Produto": "570063",
        "Categoria_Scraping": "peixaria",
        "Nome": "Polvo Fresco",
        "Marca": "Nossa Peixaria",
        "Preco": 13.99,
        "Unidade_Info": "1.2 Kg",
        "Categorias_GTM": "Polvo, Lula, Pota e Choco, Categoria Referência SFCC, Peixaria, Poupe Este Fim De Semana, Promoções",
        "Data_Coleta": "2025-06-01 01:36:34"
    },
    {
        "ID_Produto": "59849",
        "Categoria_Scraping": "peixaria",
        "Nome": "Posta de Garoupa Fresca",
        "Marca": "Nossa Peixaria",
        "Preco": 24.99,
        "Unidade_Info": "0.5 Kg",
        "Categorias_GTM": "Categoria Referência SFCC, Peixaria, Peixe",
        "Data_Coleta": "2025-06-01 01:36:34"
    },
    {
        "ID_Produto": "44149",
        "Categoria_Scraping": "peixaria",
        "Nome": "Pregado Fresco",
        "Marca": "Nossa Peixaria",
        "Preco": 16.99,
        "Unidade_Info": "1.8 Kg",
        "Categorias_GTM": "Categoria Referência SFCC, Peixaria, Peixe",
        "Data_Coleta": "2025-06-01 01:36:40"
    },
    {
        "ID_Produto": "857972",
        "Categoria_Scraping": "peixaria",
        "Nome": "Robalo Fresco Nacional 200/600",
        "Marca": "Nossa Peixaria",
        "Preco": 7.49,
        "Unidade_Info": "0.4 Kg",
        "Categorias_GTM": "Categoria Referência SFCC, Peixaria, Peixe, Poupe Este Fim De Semana, Poupe Esta Semana",
        "Data_Coleta": "2025-06-01 01:36:40"
    },
    {
        "ID_Produto": "78012",
        "Categoria_Scraping": "peixaria",
        "Nome": "Caras de Bacalhau",
        "Marca": "Constantinos",
        "Preco": 4.7,
        "Unidade_Info": "1 Kg",
        "Categorias_GTM": "Bacalhau, Peixaria, Categoria Referência SFCC",
        "Data_Coleta": "2025-06-01 01:36:40"
    },
    {
        "ID_Produto": "632479",
        "Categoria_Scraping": "peixaria",
        "Nome": "Linguado Selvagem Fresco",
        "Marca": "Nossa Peixaria",
        "Preco": 17.99,
        "Unidade_Info": "0.29 Kg",
        "Categorias_GTM": "Categoria Referência SFCC, Peixaria, Peixe, Poupe Este Fim De Semana, Promoções",
        "Data_Coleta": "2025-06-01 01:36:40"
    },
    {
        "ID_Produto": "44174",
        "Categoria_Scraping": "peixaria",
        "Nome": "Lula Descongelada",
        "Marca": "Nossa Peixaria",
        "Preco": 12.99,
        "Unidade_Info": "0.2 Kg",
        "Categorias_GTM": "Peixe, Categoria Referência SFCC, Peixaria, Poupe Este Fim De Semana, Promoções",
        "Data_Coleta": "2025-06-01 01:36:40"
    },
    {
        "ID_Produto": "676355",
        "Categoria_Scraping": "peixaria",
        "Nome": "Pargo Mulato Fresco",
        "Marca": "Nossa Peixaria",
        "Preco": 7.99,
        "Unidade_Info": "0.9 Kg",
        "Categorias_GTM": "Categoria Referência SFCC, Peixaria, Peixe",
        "Data_Coleta": "2025-06-01 01:36:40"
    },
    {
        "ID_Produto": "952403",
        "Categoria_Scraping": "peixaria",
        "Nome": "Pedaços de Pota Cozidos",
        "Marca": "Nossa Peixaria",
        "Preco": 3.99,
        "Unidade_Info": "0.15 Kg | 26,6 €/Kg",
        "Categorias_GTM": "Promoções, Categoria Referência SFCC, Peixaria, Peixe, Poupe Esta Semana",
        "Data_Coleta": "2025-06-01 01:36:40"
    },
    {
        "ID_Produto": "961621",
        "Categoria_Scraping": "peixaria",
        "Nome": "Postas de Bacalhau Embalado",
        "Marca": "Nossa Peixaria",
        "Preco": 11.99,
        "Unidade_Info": "0.6 Kg | 19,98 €/Kg",
        "Categorias_GTM": "Bacalhau, Peixaria, Categoria Referência SFCC",
        "Data_Coleta": "2025-06-01 01:36:40"
    },
    {
        "ID_Produto": "888211",
        "Categoria_Scraping": "peixaria",
        "Nome": "Robalo Nacional 600/1000 Fresco",
        "Marca": "Nossa Peixaria",
        "Preco": 9.99,
        "Unidade_Info": "0.4 Kg",
        "Categorias_GTM": "Peixaria, Peixe, Categoria Referência SFCC",
        "Data_Coleta": "2025-06-01 01:36:40"
    },
    {
        "ID_Produto": "857471",
        "Categoria_Scraping": "peixaria",
        "Nome": "Tamboril Inteiro Fresco",
        "Marca": "Nossa Peixaria",
        "Preco": 12.99,
        "Unidade_Info": "1.7 Kg",
        "Categorias_GTM": "Peixaria, Peixe, Categoria Referência SFCC, Poupe Este Fim De Semana, Promoções",
        "Data_Coleta": "2025-06-01 01:36:40"
    },
    {
        "ID_Produto": "254218",
        "Categoria_Scraping": "peixaria",
        "Nome": "Corvina Fresca",
        "Marca": "Nossa Peixaria",
        "Preco": 8.99,
        "Unidade_Info": "2.6 Kg",
        "Categorias_GTM": "Peixaria, Peixe, Categoria Referência SFCC, Poupe Este Fim De Semana, Promoções",
        "Data_Coleta": "2025-06-01 01:36:40"
    },
    {
        "ID_Produto": "44046",
        "Categoria_Scraping": "peixaria",
        "Nome": "Corvina Selvagem Fresca",
        "Marca": "Nossa Peixaria",
        "Preco": 14.99,
        "Unidade_Info": "2 Kg",
        "Categorias_GTM": "Peixaria, Peixe, Categoria Referência SFCC",
        "Data_Coleta": "2025-06-01 01:36:40"
    },
    {
        "ID_Produto": "508028",
        "Categoria_Scraping": "peixaria",
        "Nome": "Filete de Peixe de Espada Preto Fresco",
        "Marca": "Nossa Peixaria",
        "Preco": 18.99,
        "Unidade_Info": "0.15 Kg",
        "Categorias_GTM": "Peixaria, Peixe, Categoria Referência SFCC",
        "Data_Coleta": "2025-06-01 01:36:45"
    },
    {
        "ID_Produto": "755365",
        "Categoria_Scraping": "peixaria",
        "Nome": "Navalheira Cozida Fresca",
        "Marca": "Nossa Peixaria",
        "Preco": 15.99,
        "Unidade_Info": "1 Kg",
        "Categorias_GTM": "Categoria Referência SFCC, Marisco, Peixaria, Poupe Este Fim De Semana, Promoções",
        "Data_Coleta": "2025-06-01 01:36:45"
    },
    {
        "ID_Produto": "872871",
        "Categoria_Scraping": "peixaria",
        "Nome": "Pargo de Riscas Fresco",
        "Marca": "Nossa Peixaria",
        "Preco": 14.99,
        "Unidade_Info": "1 Kg",
        "Categorias_GTM": "Peixaria, Peixe, Categoria Referência SFCC, Poupe Este Fim De Semana, Promoções",
        "Data_Coleta": "2025-06-01 01:36:45"
    },
    {
        "ID_Produto": "843799",
        "Categoria_Scraping": "peixaria",
        "Nome": "Petinga Fresca",
        "Marca": "Nossa Peixaria",
        "Preco": 5.78,
        "Unidade_Info": "0.5 Kg",
        "Categorias_GTM": "Categoria Referência SFCC, Peixaria, Peixe",
        "Data_Coleta": "2025-06-01 01:36:45"
    },
    {
        "ID_Produto": "981085",
        "Categoria_Scraping": "peixaria",
        "Nome": "Recheio de Sapateira Fresca",
        "Marca": "Nossa Peixaria",
        "Preco": 6.99,
        "Unidade_Info": "N/A",
        "Categorias_GTM": "Marisco, Peixaria, Categoria Referência SFCC, Poupe Este Fim De Semana, Promoções",
        "Data_Coleta": "2025-06-01 01:36:45"
    },
    {
        "ID_Produto": "893863",
        "Categoria_Scraping": "peixaria",
        "Nome": "Amêijoa Branca Grande Fresca",
        "Marca": "Nossa Peixaria",
        "Preco": 12.99,
        "Unidade_Info": "1 Kg | 12,99 €/Kg",
        "Categorias_GTM": "Marisco, Peixaria, Categoria Referência SFCC",
        "Data_Coleta": "2025-06-01 01:36:45"
    },
    {
        "ID_Produto": "886104",
        "Categoria_Scraping": "peixaria",
        "Nome": "Amêijoa Japonesa Fresca",
        "Marca": "Nossa Peixaria",
        "Preco": 6.99,
        "Unidade_Info": "0.5 Kg | 13,98 €/Kg",
        "Categorias_GTM": "Marisco, Peixaria, Categoria Referência SFCC, Poupe Este Fim De Semana, Promoções",
        "Data_Coleta": "2025-06-01 01:36:45"
    },
    {
        "ID_Produto": "886072",
        "Categoria_Scraping": "peixaria",
        "Nome": "Amêijoa Macha Fresca",
        "Marca": "Nossa Peixaria",
        "Preco": 14.99,
        "Unidade_Info": "0.5 Kg | 29,98 €/Kg",
        "Categorias_GTM": "Marisco, Peixaria, Categoria Referência SFCC",
        "Data_Coleta": "2025-06-01 01:36:45"
    },
    {
        "ID_Produto": "949202",
        "Categoria_Scraping": "peixaria",
        "Nome": "Barrigas de Bacalhau Embalado",
        "Marca": "Nossa Peixaria",
        "Preco": 6.49,
        "Unidade_Info": "0.7 Kg | 9,27 €/Kg",
        "Categorias_GTM": "Categoria Referência SFCC, Bacalhau, Peixaria",
        "Data_Coleta": "2025-06-01 01:36:45"
    },
    {
        "ID_Produto": "893807",
        "Categoria_Scraping": "peixaria",
        "Nome": "Berbigão-Legítimo Fresco",
        "Marca": "Nossa Peixaria",
        "Preco": 5.99,
        "Unidade_Info": "1 Kg | 5,99 €/Kg",
        "Categorias_GTM": "Promoções, Marisco, Peixaria, Poupe Esta Semana, Categoria Referência SFCC",
        "Data_Coleta": "2025-06-01 01:36:45"
    },
    {
        "ID_Produto": "632260",
        "Categoria_Scraping": "peixaria",
        "Nome": "Besugo",
        "Marca": "Nossa Peixaria",
        "Preco": 8.99,
        "Unidade_Info": "0.3 Kg",
        "Categorias_GTM": "Categoria Referência SFCC, Peixaria, Peixe, Poupe Este Fim De Semana, Promoções",
        "Data_Coleta": "2025-06-01 01:36:45"
    },
    {
        "ID_Produto": "879924",
        "Categoria_Scraping": "peixaria",
        "Nome": "Bife de Atum Premium Descongelado",
        "Marca": "Nossa Peixaria",
        "Preco": 2.59,
        "Unidade_Info": "0.12 Kg | 21,58 €/Kg",
        "Categorias_GTM": "Peixaria, Peixe, Categoria Referência SFCC, Poupe Este Fim De Semana, Promoções",
        "Data_Coleta": "2025-06-01 01:36:45"
    },
    {
        "ID_Produto": "755361",
        "Categoria_Scraping": "peixaria",
        "Nome": "Bocas de Sapateira Cozida Fresca",
        "Marca": "Nossa Peixaria",
        "Preco": 21.99,
        "Unidade_Info": "0.3 Kg",
        "Categorias_GTM": "Marisco, Peixaria, Categoria Referência SFCC",
        "Data_Coleta": "2025-06-01 01:36:51"
    },
    {
        "ID_Produto": "59847",
        "Categoria_Scraping": "peixaria",
        "Nome": "Cabeça de Garoupa Fresca",
        "Marca": "Nossa Peixaria",
        "Preco": 9.99,
        "Unidade_Info": "0.8 Kg",
        "Categorias_GTM": "Categoria Referência SFCC, Peixaria, Peixe, Poupe Este Fim De Semana, Promoções",
        "Data_Coleta": "2025-06-01 01:36:51"
    },
    {
        "ID_Produto": "858445",
        "Categoria_Scraping": "peixaria",
        "Nome": "Cabeça de Pescada do Cabo Fresca",
        "Marca": "Nossa Peixaria",
        "Preco": 3.99,
        "Unidade_Info": "0.2 Kg",
        "Categorias_GTM": "Categoria Referência SFCC, Peixaria, Peixe",
        "Data_Coleta": "2025-06-01 01:36:51"
    },
    {
        "ID_Produto": "858447",
        "Categoria_Scraping": "peixaria",
        "Nome": "Cabeça de Pescada do Chile Fresca",
        "Marca": "Nossa Peixaria",
        "Preco": 3.99,
        "Unidade_Info": "0.3 Kg",
        "Categorias_GTM": "Peixaria, Peixe, Categoria Referência SFCC",
        "Data_Coleta": "2025-06-01 01:36:51"
    },
    {
        "ID_Produto": "898486",
        "Categoria_Scraping": "peixaria",
        "Nome": "Cabeça de Safio Fresco",
        "Marca": "Nossa Peixaria",
        "Preco": 3.99,
        "Unidade_Info": "0.3 Kg",
        "Categorias_GTM": "Peixaria, Peixe, Categoria Referência SFCC",
        "Data_Coleta": "2025-06-01 01:36:51"
    },
    {
        "ID_Produto": "632475",
        "Categoria_Scraping": "peixaria",
        "Nome": "Cachucho Fresco",
        "Marca": "Nossa Peixaria",
        "Preco": 6.99,
        "Unidade_Info": "0.3 Kg",
        "Categorias_GTM": "Categoria Referência SFCC, Peixaria, Peixe, Poupe Este Fim De Semana, Promoções",
        "Data_Coleta": "2025-06-01 01:36:51"
    },
    {
        "ID_Produto": "949200",
        "Categoria_Scraping": "peixaria",
        "Nome": "Caldeirada de Bacalhau Embalado",
        "Marca": "Nossa Peixaria",
        "Preco": 2.59,
        "Unidade_Info": "0.4 Kg | 6,48 €/Kg",
        "Categorias_GTM": "Categoria Referência SFCC, Bacalhau, Peixaria",
        "Data_Coleta": "2025-06-01 01:36:51"
    },
    {
        "ID_Produto": "868423",
        "Categoria_Scraping": "peixaria",
        "Nome": "Camarão Cozido 30/50 Fresco",
        "Marca": "Nossa Peixaria",
        "Preco": 11.99,
        "Unidade_Info": "1 Kg",
        "Categorias_GTM": "Marisco, Peixaria, Categoria Referência SFCC, Poupe Este Fim De Semana, Promoções",
        "Data_Coleta": "2025-06-01 01:36:51"
    },
    {
        "ID_Produto": "632261",
        "Categoria_Scraping": "peixaria",
        "Nome": "Cantaril Fresco",
        "Marca": "Nossa Peixaria",
        "Preco": 12.99,
        "Unidade_Info": "0.37 Kg",
        "Categorias_GTM": "Peixaria, Peixe, Categoria Referência SFCC",
        "Data_Coleta": "2025-06-01 01:36:51"
    },
    {
        "ID_Produto": "53243",
        "Categoria_Scraping": "peixaria",
        "Nome": "Caranguejo Grande Fresco",
        "Marca": "Nossa Peixaria",
        "Preco": 9.99,
        "Unidade_Info": "1 Kg",
        "Categorias_GTM": "Categoria Referência SFCC, Marisco, Peixaria",
        "Data_Coleta": "2025-06-01 01:36:51"
    },
    {
        "ID_Produto": "632262",
        "Categoria_Scraping": "peixaria",
        "Nome": "Carapau Chicharro Fresco",
        "Marca": "Nossa Peixaria",
        "Preco": 6.99,
        "Unidade_Info": "0.33 Kg",
        "Categorias_GTM": "Categoria Referência SFCC, Peixaria, Peixe",
        "Data_Coleta": "2025-06-01 01:36:51"
    },
    {
        "ID_Produto": "528113",
        "Categoria_Scraping": "peixaria",
        "Nome": "Carapau Médio Fresco",
        "Marca": "Nossa Peixaria",
        "Preco": 4.49,
        "Unidade_Info": "0.21 Kg",
        "Categorias_GTM": "Categoria Referência SFCC, Peixaria, Peixe, Poupe Este Fim De Semana, Promoções",
        "Data_Coleta": "2025-06-01 01:36:51"
    },
    {
        "ID_Produto": "528114",
        "Categoria_Scraping": "peixaria",
        "Nome": "Carapau Negrão Fresco",
        "Marca": "Nossa Peixaria",
        "Preco": 2.79,
        "Unidade_Info": "0.25 Kg",
        "Categorias_GTM": "Categoria Referência SFCC, Peixaria, Peixe",
        "Data_Coleta": "2025-06-01 01:36:57"
    },
    {
        "ID_Produto": "632782",
        "Categoria_Scraping": "peixaria",
        "Nome": "Carapau Pequeno Fresco",
        "Marca": "Nossa Peixaria",
        "Preco": 4.49,
        "Unidade_Info": "0.13 Kg",
        "Categorias_GTM": "Categoria Referência SFCC, Peixaria, Peixe, Poupe Este Fim De Semana, Promoções",
        "Data_Coleta": "2025-06-01 01:36:57"
    },
    {
        "ID_Produto": "949204",
        "Categoria_Scraping": "peixaria",
        "Nome": "Caras de Bacalhau",
        "Marca": "Nossa Peixaria",
        "Preco": 5.65,
        "Unidade_Info": "1.5 Kg",
        "Categorias_GTM": "Categoria Referência SFCC, Bacalhau, Peixaria",
        "Data_Coleta": "2025-06-01 01:36:57"
    },
    {
        "ID_Produto": "528328",
        "Categoria_Scraping": "peixaria",
        "Nome": "Cavala Fresca",
        "Marca": "Nossa Peixaria",
        "Preco": 3.99,
        "Unidade_Info": "0.23 Kg",
        "Categorias_GTM": "Categoria Referência SFCC, Peixaria, Peixe",
        "Data_Coleta": "2025-06-01 01:36:57"
    },
    {
        "ID_Produto": "44128",
        "Categoria_Scraping": "peixaria",
        "Nome": "Cherne Fresco",
        "Marca": "Nossa Peixaria",
        "Preco": 39.99,
        "Unidade_Info": "4 Kg",
        "Categorias_GTM": "Peixaria, Peixe, Categoria Referência SFCC",
        "Data_Coleta": "2025-06-01 01:36:57"
    },
    {
        "ID_Produto": "570078",
        "Categoria_Scraping": "peixaria",
        "Nome": "Choco Fresco",
        "Marca": "Nossa Peixaria",
        "Preco": 9.99,
        "Unidade_Info": "0.9 Kg",
        "Categorias_GTM": "Categoria Referência SFCC, Peixaria, Poupe Esta Semana, Promoções, Peixe",
        "Data_Coleta": "2025-06-01 01:36:57"
    },
    {
        "ID_Produto": "633358",
        "Categoria_Scraping": "peixaria",
        "Nome": "Dentão Fresco",
        "Marca": "Nossa Peixaria",
        "Preco": 6.99,
        "Unidade_Info": "0.3 Kg",
        "Categorias_GTM": "Poupe Esta Semana, Promoções, Peixaria, Peixe, Categoria Referência SFCC",
        "Data_Coleta": "2025-06-01 01:36:57"
    },
    {
        "ID_Produto": "969151",
        "Categoria_Scraping": "peixaria",
        "Nome": "Dourada de Mar Fresca",
        "Marca": "Nossa Peixaria",
        "Preco": 31.99,
        "Unidade_Info": "1 Kg",
        "Categorias_GTM": "Peixaria, Peixe, Categoria Referência SFCC",
        "Data_Coleta": "2025-06-01 01:36:57"
    },
    {
        "ID_Produto": "468861",
        "Categoria_Scraping": "peixaria",
        "Nome": "Dourada de Mar Fresca",
        "Marca": "Nossa Peixaria",
        "Preco": 29.99,
        "Unidade_Info": "1 Kg",
        "Categorias_GTM": "Peixaria, Peixe, Categoria Referência SFCC, Poupe Este Fim De Semana, Promoções",
        "Data_Coleta": "2025-06-01 01:36:57"
    },
    {
        "ID_Produto": "877430",
        "Categoria_Scraping": "peixaria",
        "Nome": "Dourada Nacional 600/1000 Fresca",
        "Marca": "Nossa Peixaria",
        "Preco": 9.99,
        "Unidade_Info": "0.7 Kg",
        "Categorias_GTM": "Peixaria, Peixe, Categoria Referência SFCC",
        "Data_Coleta": "2025-06-01 01:36:57"
    },
    {
        "ID_Produto": "253844",
        "Categoria_Scraping": "peixaria",
        "Nome": "Espetada de Salmão com Pimentos Fresca",
        "Marca": "Nossa Peixaria",
        "Preco": 16.76,
        "Unidade_Info": "0.3 Kg",
        "Categorias_GTM": "Peixaria, Peixe, Categoria Referência SFCC, Poupe Este Fim De Semana, Promoções",
        "Data_Coleta": "2025-06-01 01:36:57"
    },
    {
        "ID_Produto": "569967",
        "Categoria_Scraping": "peixaria",
        "Nome": "Faneca Fresca",
        "Marca": "Nossa Peixaria",
        "Preco": 4.99,
        "Unidade_Info": "0.18 Kg",
        "Categorias_GTM": "Categoria Referência SFCC, Peixaria, Peixe",
        "Data_Coleta": "2025-06-01 01:36:57"
    },
    {
        "ID_Produto": "971063",
        "Categoria_Scraping": "peixaria",
        "Nome": "Filete de Dourada Fresca",
        "Marca": "Nossa Peixaria",
        "Preco": 20.49,
        "Unidade_Info": "0.12 Kg",
        "Categorias_GTM": "Peixaria, Peixe, Categoria Referência SFCC",
        "Data_Coleta": "2025-06-01 01:37:02"
    },
    {
        "ID_Produto": "970770",
        "Categoria_Scraping": "peixaria",
        "Nome": "Filete de Robalo Fresco",
        "Marca": "Nossa Peixaria",
        "Preco": 20.49,
        "Unidade_Info": "0.12 Kg",
        "Categorias_GTM": "Peixaria, Peixe, Categoria Referência SFCC",
        "Data_Coleta": "2025-06-01 01:37:02"
    },
    {
        "ID_Produto": "254197",
        "Categoria_Scraping": "peixaria",
        "Nome": "Filete de Salmão Fresco",
        "Marca": "Nossa Peixaria",
        "Preco": 16.76,
        "Unidade_Info": "0.5 Kg",
        "Categorias_GTM": "Promoções, Peixaria, Peixe, Poupe Esta Semana, Categoria Referência SFCC",
        "Data_Coleta": "2025-06-01 01:37:02"
    },
    {
        "ID_Produto": "71522",
        "Categoria_Scraping": "peixaria",
        "Nome": "Garoupa Fresca",
        "Marca": "Nossa Peixaria",
        "Preco": 21.99,
        "Unidade_Info": "4 Kg",
        "Categorias_GTM": "Categoria Referência SFCC, Peixaria, Peixe",
        "Data_Coleta": "2025-06-01 01:37:02"
    },
    {
        "ID_Produto": "638816",
        "Categoria_Scraping": "peixaria",
        "Nome": "Garoupa Pequena Fresca",
        "Marca": "Nossa Peixaria",
        "Preco": 18.99,
        "Unidade_Info": "2 Kg",
        "Categorias_GTM": "Categoria Referência SFCC, Peixaria, Peixe",
        "Data_Coleta": "2025-06-01 01:37:02"
    },
    {
        "ID_Produto": "757409",
        "Categoria_Scraping": "peixaria",
        "Nome": "Lagostim do Rio Cozido Fresco",
        "Marca": "Nossa Peixaria",
        "Preco": 8.99,
        "Unidade_Info": "0.1 Kg",
        "Categorias_GTM": "Marisco, Peixaria, Categoria Referência SFCC, Poupe Este Fim De Semana, Promoções",
        "Data_Coleta": "2025-06-01 01:37:02"
    },
    {
        "ID_Produto": "640640",
        "Categoria_Scraping": "peixaria",
        "Nome": "Linguado da Guiné Fresco",
        "Marca": "Nossa Peixaria",
        "Preco": 7.99,
        "Unidade_Info": "0.3 Kg",
        "Categorias_GTM": "Categoria Referência SFCC, Peixaria, Peixe, Poupe Este Fim De Semana, Promoções",
        "Data_Coleta": "2025-06-01 01:37:02"
    },
    {
        "ID_Produto": "976371",
        "Categoria_Scraping": "peixaria",
        "Nome": "Liro Fresco",
        "Marca": "Nossa Peixaria",
        "Preco": 11.99,
        "Unidade_Info": "1.2 Kg",
        "Categorias_GTM": "Peixaria, Peixe, Categoria Referência SFCC, Poupe Este Fim De Semana, Promoções",
        "Data_Coleta": "2025-06-01 01:37:02"
    },
    {
        "ID_Produto": "829707",
        "Categoria_Scraping": "peixaria",
        "Nome": "Lombo de Atum Descongelado",
        "Marca": "Nossa Peixaria",
        "Preco": 12.99,
        "Unidade_Info": "3 Kg",
        "Categorias_GTM": "Peixaria, Peixe, Categoria Referência SFCC",
        "Data_Coleta": "2025-06-01 01:37:02"
    },
    {
        "ID_Produto": "632481",
        "Categoria_Scraping": "peixaria",
        "Nome": "Lulas Frescas",
        "Marca": "Nossa Peixaria",
        "Preco": 16.99,
        "Unidade_Info": "0.3 Kg",
        "Categorias_GTM": "Categoria Referência SFCC, Peixaria, Polvo, Lula, Pota e Choco",
        "Data_Coleta": "2025-06-01 01:37:02"
    },
    {
        "ID_Produto": "569982",
        "Categoria_Scraping": "peixaria",
        "Nome": "Marmota Branca Fresca",
        "Marca": "Nossa Peixaria",
        "Preco": 6.99,
        "Unidade_Info": "0.6 Kg",
        "Categorias_GTM": "Categoria Referência SFCC, Peixaria, Peixe",
        "Data_Coleta": "2025-06-01 01:37:02"
    },
    {
        "ID_Produto": "875729",
        "Categoria_Scraping": "peixaria",
        "Nome": "Mexilhão Cozido Fresco Embalado",
        "Marca": "Nossa Peixaria",
        "Preco": 3.99,
        "Unidade_Info": "1 Kg | 3,99 €/Kg",
        "Categorias_GTM": "Marisco, Peixaria, Poupe Esta Semana, Promoções, Categoria Referência SFCC",
        "Data_Coleta": "2025-06-01 01:37:02"
    },
    {
        "ID_Produto": "53291",
        "Categoria_Scraping": "peixaria",
        "Nome": "Mexilhão Fresco",
        "Marca": "Nossa Peixaria",
        "Preco": 2.69,
        "Unidade_Info": "1 Kg",
        "Categorias_GTM": "Categoria Referência SFCC, Marisco, Peixaria, Poupe Este Fim De Semana, Promoções",
        "Data_Coleta": "2025-06-01 01:37:08"
    },
    {
        "ID_Produto": "53292",
        "Categoria_Scraping": "peixaria",
        "Nome": "Ostras Frescas",
        "Marca": "Nossa Peixaria",
        "Preco": 5.49,
        "Unidade_Info": "1 Kg",
        "Categorias_GTM": "Categoria Referência SFCC, Marisco, Peixaria, Poupe Este Fim De Semana, Promoções",
        "Data_Coleta": "2025-06-01 01:37:08"
    },
    {
        "ID_Produto": "673640",
        "Categoria_Scraping": "peixaria",
        "Nome": "Pargo 200/600 Fresco",
        "Marca": "Nossa Peixaria",
        "Preco": 7.99,
        "Unidade_Info": "0.5 Kg",
        "Categorias_GTM": "Categoria Referência SFCC, Peixaria, Peixe, Poupe Este Fim De Semana, Promoções",
        "Data_Coleta": "2025-06-01 01:37:08"
    },
    {
        "ID_Produto": "640630",
        "Categoria_Scraping": "peixaria",
        "Nome": "Pargo Grande Fresco",
        "Marca": "Nossa Peixaria",
        "Preco": 12.99,
        "Unidade_Info": "1.05 Kg",
        "Categorias_GTM": "Categoria Referência SFCC, Peixaria, Peixe",
        "Data_Coleta": "2025-06-01 01:37:08"
    },
    {
        "ID_Produto": "858356",
        "Categoria_Scraping": "peixaria",
        "Nome": "Peixe Espada Branco Fresco",
        "Marca": "Nossa Peixaria",
        "Preco": 9.99,
        "Unidade_Info": "1.2 Kg",
        "Categorias_GTM": "Peixaria, Peixe, Categoria Referência SFCC",
        "Data_Coleta": "2025-06-01 01:37:08"
    },
    {
        "ID_Produto": "253843",
        "Categoria_Scraping": "peixaria",
        "Nome": "Peixe para Caldeirada",
        "Marca": "Nossa Peixaria",
        "Preco": 9.99,
        "Unidade_Info": "0.8 Kg",
        "Categorias_GTM": "Peixaria, Peixe, Categoria Referência SFCC",
        "Data_Coleta": "2025-06-01 01:37:08"
    },
    {
        "ID_Produto": "772221",
        "Categoria_Scraping": "peixaria",
        "Nome": "Pelim Fresco",
        "Marca": "Nossa Peixaria",
        "Preco": 6.99,
        "Unidade_Info": "1 Kg",
        "Categorias_GTM": "Peixaria, Peixe, Categoria Referência SFCC",
        "Data_Coleta": "2025-06-01 01:37:08"
    },
    {
        "ID_Produto": "641773",
        "Categoria_Scraping": "peixaria",
        "Nome": "Perca do Nilo Fresca",
        "Marca": "Nossa Peixaria",
        "Preco": 9.99,
        "Unidade_Info": "3 Kg",
        "Categorias_GTM": "Peixaria, Peixe, Categoria Referência SFCC",
        "Data_Coleta": "2025-06-01 01:37:08"
    },
    {
        "ID_Produto": "886107",
        "Categoria_Scraping": "peixaria",
        "Nome": "Percebes Frescas",
        "Marca": "Nossa Peixaria",
        "Preco": 11.99,
        "Unidade_Info": "0.5 Kg | 23,98 €/Kg",
        "Categorias_GTM": "Marisco, Peixaria, Categoria Referência SFCC, Poupe Este Fim De Semana, Promoções",
        "Data_Coleta": "2025-06-01 01:37:08"
    },
    {
        "ID_Produto": "857991",
        "Categoria_Scraping": "peixaria",
        "Nome": "Pescada do Cabo Fresca",
        "Marca": "Nossa Peixaria",
        "Preco": 10.98,
        "Unidade_Info": "1.2 Kg",
        "Categorias_GTM": "Peixaria, Peixe, Categoria Referência SFCC",
        "Data_Coleta": "2025-06-01 01:37:08"
    },
    {
        "ID_Produto": "858032",
        "Categoria_Scraping": "peixaria",
        "Nome": "Pescada do Chile Fresca",
        "Marca": "Nossa Peixaria",
        "Preco": 10.98,
        "Unidade_Info": "1.2 Kg",
        "Categorias_GTM": "Peixaria, Peixe, Categoria Referência SFCC",
        "Data_Coleta": "2025-06-01 01:37:08"
    },
    {
        "ID_Produto": "858033",
        "Categoria_Scraping": "peixaria",
        "Nome": "Pescada Fresca",
        "Marca": "Nossa Peixaria",
        "Preco": 10.98,
        "Unidade_Info": "1.2 Kg",
        "Categorias_GTM": "Peixaria, Peixe, Categoria Referência SFCC",
        "Data_Coleta": "2025-06-01 01:37:08"
    },
    {
        "ID_Produto": "632476",
        "Categoria_Scraping": "peixaria",
        "Nome": "Pescada Prateada Fresca",
        "Marca": "Nossa Peixaria",
        "Preco": 6.99,
        "Unidade_Info": "0.3 Kg",
        "Categorias_GTM": "Categoria Referência SFCC, Peixaria, Peixe",
        "Data_Coleta": "2025-06-01 01:37:14"
    },
    {
        "ID_Produto": "59841",
        "Categoria_Scraping": "peixaria",
        "Nome": "Posta de Corvina",
        "Marca": "Nossa Peixaria",
        "Preco": 16.99,
        "Unidade_Info": "0.3 Kg",
        "Categorias_GTM": "Categoria Referência SFCC, Peixaria, Peixe",
        "Data_Coleta": "2025-06-01 01:37:14"
    },
    {
        "ID_Produto": "858442",
        "Categoria_Scraping": "peixaria",
        "Nome": "Posta de Peixe Espada Branco Fresco",
        "Marca": "Nossa Peixaria",
        "Preco": 12.99,
        "Unidade_Info": "0.25 Kg",
        "Categorias_GTM": "Peixaria, Peixe, Categoria Referência SFCC",
        "Data_Coleta": "2025-06-01 01:37:14"
    },
    {
        "ID_Produto": "858443",
        "Categoria_Scraping": "peixaria",
        "Nome": "Posta de Peixe Espada Preto Fresco",
        "Marca": "Nossa Peixaria",
        "Preco": 9.99,
        "Unidade_Info": "0.25 Kg",
        "Categorias_GTM": "Peixaria, Peixe, Categoria Referência SFCC",
        "Data_Coleta": "2025-06-01 01:37:14"
    },
    {
        "ID_Produto": "858452",
        "Categoria_Scraping": "peixaria",
        "Nome": "Posta de Raia Fresca",
        "Marca": "Nossa Peixaria",
        "Preco": 7.99,
        "Unidade_Info": "0.3 Kg",
        "Categorias_GTM": "Categoria Referência SFCC, Peixaria, Peixe",
        "Data_Coleta": "2025-06-01 01:37:14"
    },
    {
        "ID_Produto": "858453",
        "Categoria_Scraping": "peixaria",
        "Nome": "Posta de Safio Fresco",
        "Marca": "Nossa Peixaria",
        "Preco": 8.99,
        "Unidade_Info": "0.3 Kg",
        "Categorias_GTM": "Peixaria, Peixe, Categoria Referência SFCC",
        "Data_Coleta": "2025-06-01 01:37:14"
    },
    {
        "ID_Produto": "528145",
        "Categoria_Scraping": "peixaria",
        "Nome": "Pota Descongelada",
        "Marca": "Nossa Peixaria",
        "Preco": 5.99,
        "Unidade_Info": "0.23 Kg",
        "Categorias_GTM": "Polvo, Lula, Pota e Choco, Categoria Referência SFCC, Peixaria",
        "Data_Coleta": "2025-06-01 01:37:14"
    },
    {
        "ID_Produto": "724575",
        "Categoria_Scraping": "peixaria",
        "Nome": "Pota Fresca",
        "Marca": "Nossa Peixaria",
        "Preco": 5.99,
        "Unidade_Info": "0.3 Kg",
        "Categorias_GTM": "Peixaria, Polvo, Lula, Pota e Choco, Categoria Referência SFCC, Poupe Este Fim De Semana, Promoções",
        "Data_Coleta": "2025-06-01 01:37:14"
    },
    {
        "ID_Produto": "858454",
        "Categoria_Scraping": "peixaria",
        "Nome": "Rabo de Safio Fresco",
        "Marca": "Nossa Peixaria",
        "Preco": 3.99,
        "Unidade_Info": "0.2 Kg",
        "Categorias_GTM": "Peixaria, Peixe, Categoria Referência SFCC",
        "Data_Coleta": "2025-06-01 01:37:14"
    },
    {
        "ID_Produto": "858358",
        "Categoria_Scraping": "peixaria",
        "Nome": "Raia Fresca",
        "Marca": "Nossa Peixaria",
        "Preco": 5.99,
        "Unidade_Info": "2.3 Kg",
        "Categorias_GTM": "Peixaria, Peixe, Categoria Referência SFCC",
        "Data_Coleta": "2025-06-01 01:37:15"
    },
    {
        "ID_Produto": "44064",
        "Categoria_Scraping": "peixaria",
        "Nome": "Robalo de Mar Fresco",
        "Marca": "Nossa Peixaria",
        "Preco": 24.99,
        "Unidade_Info": "1 Kg",
        "Categorias_GTM": "Peixaria, Peixe, Categoria Referência SFCC, Poupe Este Fim De Semana, Promoções",
        "Data_Coleta": "2025-06-01 01:37:15"
    },
    {
        "ID_Produto": "858359",
        "Categoria_Scraping": "peixaria",
        "Nome": "Safio Fresco",
        "Marca": "Nossa Peixaria",
        "Preco": 4.99,
        "Unidade_Info": "1.7 Kg",
        "Categorias_GTM": "Peixaria, Peixe, Categoria Referência SFCC, Poupe Este Fim De Semana, Promoções",
        "Data_Coleta": "2025-06-01 01:37:15"
    },
    {
        "ID_Produto": "569978",
        "Categoria_Scraping": "peixaria",
        "Nome": "Salemas Frescas",
        "Marca": "Nossa Peixaria",
        "Preco": 2.99,
        "Unidade_Info": "0.8 Kg",
        "Categorias_GTM": "Categoria Referência SFCC, Peixaria, Peixe",
        "Data_Coleta": "2025-06-01 01:37:21"
    },
    {
        "ID_Produto": "769881",
        "Categoria_Scraping": "peixaria",
        "Nome": "Sapateira Cozida",
        "Marca": "Nossa Peixaria",
        "Preco": 18.99,
        "Unidade_Info": "0.8 Kg",
        "Categorias_GTM": "Categoria Referência SFCC, Marisco, Peixaria, Poupe Este Fim De Semana, Promoções",
        "Data_Coleta": "2025-06-01 01:37:21"
    },
    {
        "ID_Produto": "542387",
        "Categoria_Scraping": "peixaria",
        "Nome": "Sarda Fresca",
        "Marca": "Nossa Peixaria",
        "Preco": 3.99,
        "Unidade_Info": "0.25 Kg",
        "Categorias_GTM": "Categoria Referência SFCC, Peixaria, Peixe",
        "Data_Coleta": "2025-06-01 01:37:21"
    },
    {
        "ID_Produto": "632477",
        "Categoria_Scraping": "peixaria",
        "Nome": "Sargo Selvagem",
        "Marca": "Nossa Peixaria",
        "Preco": 11.99,
        "Unidade_Info": "0.3 Kg",
        "Categorias_GTM": "Categoria Referência SFCC, Peixaria, Peixe",
        "Data_Coleta": "2025-06-01 01:37:21"
    },
    {
        "ID_Produto": "696744",
        "Categoria_Scraping": "peixaria",
        "Nome": "Serrajão Fresco",
        "Marca": "Nossa Peixaria",
        "Preco": 4.99,
        "Unidade_Info": "1 Kg",
        "Categorias_GTM": "Categoria Referência SFCC, Peixaria, Peixe",
        "Data_Coleta": "2025-06-01 01:37:21"
    },
    {
        "ID_Produto": "632266",
        "Categoria_Scraping": "peixaria",
        "Nome": "Solha Fresca",
        "Marca": "Nossa Peixaria",
        "Preco": 5.99,
        "Unidade_Info": "0.4 Kg",
        "Categorias_GTM": "Categoria Referência SFCC, Peixaria, Peixe",
        "Data_Coleta": "2025-06-01 01:37:21"
    },
    {
        "ID_Produto": "632478",
        "Categoria_Scraping": "peixaria",
        "Nome": "Taínha Fresca",
        "Marca": "Nossa Peixaria",
        "Preco": 5.49,
        "Unidade_Info": "0.8 Kg",
        "Categorias_GTM": "Peixaria, Peixe, Categoria Referência SFCC",
        "Data_Coleta": "2025-06-01 01:37:21"
    },
    {
        "ID_Produto": "860009",
        "Categoria_Scraping": "peixaria",
        "Nome": "Tranche de Bacalhau Descongelado",
        "Marca": "Nossa Peixaria",
        "Preco": 2.29,
        "Unidade_Info": "0.15 Kg | 15,27 €/Kg",
        "Categorias_GTM": "Peixaria, Peixe, Categoria Referência SFCC, Poupe Este Fim De Semana, Promoções",
        "Data_Coleta": "2025-06-01 01:37:21"
    },
    {
        "ID_Produto": "846172",
        "Categoria_Scraping": "peixaria",
        "Nome": "Tranche de Perca do Nilo Fresca",
        "Marca": "Nossa Peixaria",
        "Preco": 2.29,
        "Unidade_Info": "0.15 Kg | 15,27 €/Kg",
        "Categorias_GTM": "Categoria Referência SFCC, Peixaria, Peixe, Poupe Este Fim De Semana, Promoções",
        "Data_Coleta": "2025-06-01 01:37:21"
    },
    {
        "ID_Produto": "528112",
        "Categoria_Scraping": "peixaria",
        "Nome": "Verdinhos Frescos",
        "Marca": "Nossa Peixaria",
        "Preco": 2.99,
        "Unidade_Info": "0.1 Kg",
        "Categorias_GTM": "Categoria Referência SFCC, Peixaria, Peixe",
        "Data_Coleta": "2025-06-01 01:37:21"
    },
    {
        "ID_Produto": "622075",
        "Categoria_Scraping": "promocoes",
        "Nome": "Preparado de Carne Picada de Vitelão",
        "Marca": "Nosso Talho",
        "Preco": 8.98,
        "Unidade_Info": "0.5 Kg",
        "Categorias_GTM": "Poupe Esta Semana, Promoções, Categoria Referência SFCC, Bovino, Novilho e Vitelão, Talho",
        "Data_Coleta": "2025-06-01 01:38:01"
    },
    {
        "ID_Produto": "705656",
        "Categoria_Scraping": "promocoes",
        "Nome": "Azeite Virgem Extra Nossas Planicies",
        "Marca": "Pingo Doce",
        "Preco": 17.55,
        "Unidade_Info": "3 L | 5,85 €/L",
        "Categorias_GTM": "As Nossas Marcas, Pingo Doce, Categoria Referência SFCC, Azeite, Azeite, Óleo e Vinagre",
        "Data_Coleta": "2025-06-01 01:38:01"
    },
    {
        "ID_Produto": "487459",
        "Categoria_Scraping": "promocoes",
        "Nome": "Morango Embalado",
        "Marca": "Nossa Fruta e Legumes",
        "Preco": 1.99,
        "Unidade_Info": "0.5 Kg | 3,98 €/Kg",
        "Categorias_GTM": "Categoria Referência SFCC, Frutas, Frutas e Vegetais, Poupe Este Fim De Semana, Poupe Esta Semana",
        "Data_Coleta": "2025-06-01 01:38:01"
    },
    {
        "ID_Produto": "835854",
        "Categoria_Scraping": "promocoes",
        "Nome": "Tranche de Salmão Fresca",
        "Marca": "Nossa Peixaria",
        "Preco": 2.99,
        "Unidade_Info": "0.15 Kg | 19,93 €/Kg",
        "Categorias_GTM": "Peixaria, Peixe, Categoria Referência SFCC, Poupe Este Fim De Semana, Promoções",
        "Data_Coleta": "2025-06-01 01:38:01"
    },
    {
        "ID_Produto": "590570",
        "Categoria_Scraping": "promocoes",
        "Nome": "Cerveja com Álcool Mini Pack 24",
        "Marca": "Super Bock",
        "Preco": 9.99,
        "Unidade_Info": "4.8 L | 2,08 €/L",
        "Categorias_GTM": "Poupe Esta Semana, Categoria Referência SFCC, Bebidas, Cerveja, Nacional",
        "Data_Coleta": "2025-06-01 01:38:01"
    },
    {
        "ID_Produto": "303620",
        "Categoria_Scraping": "promocoes",
        "Nome": "Posta de Salmão Fresco",
        "Marca": "Nossa Peixaria",
        "Preco": 11.99,
        "Unidade_Info": "0.3 Kg",
        "Categorias_GTM": "Peixaria, Peixe, Categoria Referência SFCC, Poupe Este Fim De Semana, Promoções",
        "Data_Coleta": "2025-06-01 01:38:01"
    },
    {
        "ID_Produto": "889842",
        "Categoria_Scraping": "promocoes",
        "Nome": "Lombos de Bacalhau Congelados",
        "Marca": "Pascoal",
        "Preco": 16.19,
        "Unidade_Info": "0.7 Kg | 23,13 €/Kg",
        "Categorias_GTM": "Promoções, Poupe Esta Semana, Categoria Referência SFCC, Bacalhau, Congelados",
        "Data_Coleta": "2025-06-01 01:38:01"
    },
    {
        "ID_Produto": "250550",
        "Categoria_Scraping": "promocoes",
        "Nome": "Bife da Pá e Acém de Vitelão",
        "Marca": "Nosso Talho",
        "Preco": 10.48,
        "Unidade_Info": "0.25 Kg",
        "Categorias_GTM": "Bovino, Novilho e Vitelão, Talho, Categoria Referência SFCC, Poupe Este Fim De Semana, Poupe Esta Semana",
        "Data_Coleta": "2025-06-01 01:38:01"
    },
    {
        "ID_Produto": "960323",
        "Categoria_Scraping": "promocoes",
        "Nome": "Detergente Máquina Roupa Líquido Active Clean",
        "Marca": "Skip",
        "Preco": 11.99,
        "Unidade_Info": "76 Dos | 0,16 €/Dos",
        "Categorias_GTM": "Promoções, Poupe Esta Semana, Casa, Detergente, Roupa",
        "Data_Coleta": "2025-06-01 01:38:01"
    },
    {
        "ID_Produto": "822652",
        "Categoria_Scraping": "promocoes",
        "Nome": "Leite UHT Meio Gordo Pastagem",
        "Marca": "Terra Nostra",
        "Preco": 0.89,
        "Unidade_Info": "1 L | 0,89 €/L",
        "Categorias_GTM": "Leite Gordo e Meio Gordo, Leite, Natas e Ovos, Categoria Referência SFCC, Poupe Esta Semana, Promoções",
        "Data_Coleta": "2025-06-01 01:38:01"
    },
    {
        "ID_Produto": "296638",
        "Categoria_Scraping": "promocoes",
        "Nome": "Melancia Preta Poucas Sementes",
        "Marca": "Nossa Fruta e Legumes",
        "Preco": 1.49,
        "Unidade_Info": "3.42 Kg",
        "Categorias_GTM": "Promoções, Frutas, Frutas e Vegetais, Poupe Esta Semana, Categoria Referência SFCC",
        "Data_Coleta": "2025-06-01 01:38:01"
    },
    {
        "ID_Produto": "953810",
        "Categoria_Scraping": "promocoes",
        "Nome": "Medalhões de Salmão Congelado",
        "Marca": "Pescanova",
        "Preco": 11.69,
        "Unidade_Info": "0.4 Kg | 29,23 €/Kg",
        "Categorias_GTM": "Categoria Referência SFCC, Poupe Esta Semana, Promoções, Congelados, Peixe",
        "Data_Coleta": "2025-06-01 01:38:01"
    },
    {
        "ID_Produto": "812473",
        "Categoria_Scraping": "promocoes",
        "Nome": "Hambúrguer de Novilho Angus Embalado",
        "Marca": "Nosso Talho",
        "Preco": 6.48,
        "Unidade_Info": "0.4 Kg | 16,2 €/Kg",
        "Categorias_GTM": "Bovino, Novilho e Vitelão, Talho, Categoria Referência SFCC, Poupe Esta Semana, Promoções",
        "Data_Coleta": "2025-06-01 01:38:15"
    },
    {
        "ID_Produto": "960326",
        "Categoria_Scraping": "promocoes",
        "Nome": "Detergente Máquina Roupa Líquido Sabão Natural",
        "Marca": "Skip",
        "Preco": 11.99,
        "Unidade_Info": "100 Dos | 0,12 €/Dos",
        "Categorias_GTM": "Promoções, Poupe Esta Semana, Casa, Detergente, Roupa",
        "Data_Coleta": "2025-06-01 01:38:15"
    },
    {
        "ID_Produto": "889319",
        "Categoria_Scraping": "promocoes",
        "Nome": "Água com Gás Pack 6",
        "Marca": "Pedras Salgadas",
        "Preco": 2.89,
        "Unidade_Info": "6 x0.33 L | 1,46 €/L",
        "Categorias_GTM": "Poupe Esta Semana, Categoria Referência SFCC, Água, Água com Gás, Bebidas",
        "Data_Coleta": "2025-06-01 01:38:15"
    },
    {
        "ID_Produto": "495213",
        "Categoria_Scraping": "promocoes",
        "Nome": "Melão Verde",
        "Marca": "Nossa Fruta e Legumes",
        "Preco": 1.59,
        "Unidade_Info": "3.2 Kg",
        "Categorias_GTM": "Categoria Referência SFCC, Poupe Esta Semana, Promoções, Frutas, Frutas e Vegetais",
        "Data_Coleta": "2025-06-01 01:38:15"
    },
    {
        "ID_Produto": "970720",
        "Categoria_Scraping": "promocoes",
        "Nome": "Pastilhas para Máquina Loiça Tudo em Um Limão",
        "Marca": "Fairy",
        "Preco": 12.99,
        "Unidade_Info": "71 Un | 0,18 €/Un",
        "Categorias_GTM": "Poupe Esta Semana, Promoções, Casa, Detergente Máquina, Loiça",
        "Data_Coleta": "2025-06-01 01:38:15"
    },
    {
        "ID_Produto": "943775",
        "Categoria_Scraping": "promocoes",
        "Nome": "Água com Gás Pack 6",
        "Marca": "Pedras Salgadas",
        "Preco": 4.99,
        "Unidade_Info": "6 x1 L | 0,83 €/L",
        "Categorias_GTM": "Categoria Referência SFCC, Poupe Esta Semana, Água, Água com Gás, Bebidas",
        "Data_Coleta": "2025-06-01 01:38:15"
    },
    {
        "ID_Produto": "981747",
        "Categoria_Scraping": "promocoes",
        "Nome": "Lombinhos de Porco",
        "Marca": "Nosso Talho",
        "Preco": 6.69,
        "Unidade_Info": "0.6 Kg",
        "Categorias_GTM": "Porco, Talho, Categoria Referência SFCC, Poupe Este Fim De Semana, Poupe Esta Semana",
        "Data_Coleta": "2025-06-01 01:38:15"
    },
    {
        "ID_Produto": "642778",
        "Categoria_Scraping": "promocoes",
        "Nome": "Vinho Tinto Península de Setúbal Dona Ermelinda Reserva",
        "Marca": "Dona Ermelinda",
        "Preco": 7.89,
        "Unidade_Info": "0.75 L | 10,52 €/L",
        "Categorias_GTM": "Bebidas, Setúbal, Vinho Tinto, Categoria Referência SFCC, Promoções",
        "Data_Coleta": "2025-06-01 01:38:15"
    },
    {
        "ID_Produto": "543987",
        "Categoria_Scraping": "promocoes",
        "Nome": "Perna de Frango Com Costa",
        "Marca": "Nosso Talho",
        "Preco": 2.29,
        "Unidade_Info": "0.2 Kg",
        "Categorias_GTM": "Categoria Referência SFCC, Frango, Peru e Pato, Talho, Poupe Este Fim De Semana, Poupe Esta Semana",
        "Data_Coleta": "2025-06-01 01:38:15"
    },
    {
        "ID_Produto": "747773",
        "Categoria_Scraping": "promocoes",
        "Nome": "Água sem Gás Garrafão",
        "Marca": "Luso",
        "Preco": 1.59,
        "Unidade_Info": "5.4 L | 0,29 €/L",
        "Categorias_GTM": "Categoria Referência SFCC, Promoções, Água, Água sem Gás, Bebidas",
        "Data_Coleta": "2025-06-01 01:38:15"
    },
    {
        "ID_Produto": "46442",
        "Categoria_Scraping": "promocoes",
        "Nome": "Laranja",
        "Marca": "Nossa Fruta e Legumes",
        "Preco": 1.19,
        "Unidade_Info": "0.28 Kg",
        "Categorias_GTM": "Categoria Referência SFCC, Frutas, Frutas e Vegetais, Poupe Esta Semana, Promoções",
        "Data_Coleta": "2025-06-01 01:38:15"
    },
    {
        "ID_Produto": "825471",
        "Categoria_Scraping": "promocoes",
        "Nome": "Tranches de Salmão Selvagem Congeladas",
        "Marca": "Iglo",
        "Preco": 12.99,
        "Unidade_Info": "0.44 Kg | 29,52 €/Kg",
        "Categorias_GTM": "Categoria Referência SFCC, Congelados, Peixe, Postas, Filetes e Medalhões, Poupe Esta Semana",
        "Data_Coleta": "2025-06-01 01:38:15"
    },
    {
        "ID_Produto": "812474",
        "Categoria_Scraping": "promocoes",
        "Nome": "Preparado de Carne Picada de Novilho Angus Embalado",
        "Marca": "Nosso Talho",
        "Preco": 6.48,
        "Unidade_Info": "0.4 Kg | 16,2 €/Kg",
        "Categorias_GTM": "Picados e Salsichas, Talho, Categoria Referência SFCC, Poupe Esta Semana, Promoções",
        "Data_Coleta": "2025-06-01 01:38:21"
    },
    {
        "ID_Produto": "571395",
        "Categoria_Scraping": "promocoes",
        "Nome": "Medalhões de Pescada do Cabo Congelados",
        "Marca": "Pescanova",
        "Preco": 13.39,
        "Unidade_Info": "1 Kg | 13,39 €/Kg",
        "Categorias_GTM": "Categoria Referência SFCC, Promoções, Congelados, Peixe, Postas, Filetes e Medalhões",
        "Data_Coleta": "2025-06-01 01:38:21"
    },
    {
        "ID_Produto": "574701",
        "Categoria_Scraping": "promocoes",
        "Nome": "Leite UHT Meio Gordo sem Lactose Mimosa",
        "Marca": "Mimosa",
        "Preco": 1.15,
        "Unidade_Info": "1 L | 1,15 €/L",
        "Categorias_GTM": "Categoria Referência SFCC, Leite Gordo e Meio Gordo, Leite, Natas e Ovos, Poupe Este Fim De Semana, Poupe Esta Semana",
        "Data_Coleta": "2025-06-01 01:38:21"
    },
    {
        "ID_Produto": "901449",
        "Categoria_Scraping": "promocoes",
        "Nome": "Cápsulas de Café Nespresso Original",
        "Marca": "Buondi",
        "Preco": 3.29,
        "Unidade_Info": "10 Un | 0,33 €/Un",
        "Categorias_GTM": "Promoções, Poupe Esta Semana, Categoria Referência SFCC, Café, Chá e Bebidas Quentes, Cápsulas de Café",
        "Data_Coleta": "2025-06-01 01:38:21"
    },
    {
        "ID_Produto": "942446",
        "Categoria_Scraping": "promocoes",
        "Nome": "Fraldas Bebé Seco Extra +14kg T6+",
        "Marca": "Dodot",
        "Preco": 13.49,
        "Unidade_Info": "48 Un | 0,28 €/Un",
        "Categorias_GTM": "Fraldas, Infantil, Categoria Referência SFCC, Poupe Esta Semana, Promoções",
        "Data_Coleta": "2025-06-01 01:38:21"
    },
    {
        "ID_Produto": "250553",
        "Categoria_Scraping": "promocoes",
        "Nome": "Vitelão para Cozer",
        "Marca": "Nosso Talho",
        "Preco": 8.98,
        "Unidade_Info": "0.25 Kg",
        "Categorias_GTM": "Promoções, Bovino, Novilho e Vitelão, Talho, Poupe Esta Semana, Categoria Referência SFCC",
        "Data_Coleta": "2025-06-01 01:38:21"
    },
    {
        "ID_Produto": "819934",
        "Categoria_Scraping": "promocoes",
        "Nome": "Nuggets de Frango Congelados",
        "Marca": "Capitão Iglo",
        "Preco": 12.99,
        "Unidade_Info": "1.042 Kg | 12,47 €/Kg",
        "Categorias_GTM": "Poupe Esta Semana, Promoções, Congelados, Barrinhas, Nuggets e Panados, Refeições",
        "Data_Coleta": "2025-06-01 01:38:21"
    },
    {
        "ID_Produto": "916265",
        "Categoria_Scraping": "promocoes",
        "Nome": "Douradinhos de Peixe Congelados",
        "Marca": "Capitão Iglo",
        "Preco": 13.99,
        "Unidade_Info": "1.4 Kg | 9,99 €/Kg",
        "Categorias_GTM": "Promoções, Categoria Referência SFCC, Congelados, Barrinhas, Nuggets e Panados, Refeições",
        "Data_Coleta": "2025-06-01 01:38:21"
    },
    {
        "ID_Produto": "933178",
        "Categoria_Scraping": "promocoes",
        "Nome": "Fraldas Activity Extra +14kg T6+",
        "Marca": "Dodot",
        "Preco": 14.99,
        "Unidade_Info": "44 Un | 0,34 €/Un",
        "Categorias_GTM": "Poupe Esta Semana, Promoções, Categoria Referência SFCC, Fraldas, Infantil",
        "Data_Coleta": "2025-06-01 01:38:21"
    },
    {
        "ID_Produto": "859288",
        "Categoria_Scraping": "promocoes",
        "Nome": "Azeite Beirão",
        "Marca": "Beirão",
        "Preco": 3.75,
        "Unidade_Info": "0.75 L | 5 €/L",
        "Categorias_GTM": "Categoria Referência SFCC, Azeite, Azeite, Óleo e Vinagre, Mercearia, Poupe Este Fim De Semana",
        "Data_Coleta": "2025-06-01 01:38:21"
    },
    {
        "ID_Produto": "985338",
        "Categoria_Scraping": "promocoes",
        "Nome": "Kiwi Gold Embalado",
        "Marca": "Nossa Fruta e Legumes",
        "Preco": 2.69,
        "Unidade_Info": "0.4 Kg | 6,73 €/Kg",
        "Categorias_GTM": "Frutas, Frutas e Vegetais, Categoria Referência SFCC, Poupe Este Fim De Semana, Poupe Esta Semana",
        "Data_Coleta": "2025-06-01 01:38:21"
    },
    {
        "ID_Produto": "946170",
        "Categoria_Scraping": "promocoes",
        "Nome": "Fraldas Bebé Extra Care & Dry +17kg T6",
        "Marca": "Cuida Bebé",
        "Preco": 9.99,
        "Unidade_Info": "56 Un | 0,18 €/Un",
        "Categorias_GTM": "Fraldas, Infantil, As Nossas Marcas, Cuida Bebé, Categoria Referência SFCC",
        "Data_Coleta": "2025-06-01 01:38:21"
    },
    {
        "ID_Produto": "977948",
        "Categoria_Scraping": "promocoes",
        "Nome": "Pastilhas para Máquina Loiça Quantum Regular",
        "Marca": "Finish",
        "Preco": 14.99,
        "Unidade_Info": "78 Un | 0,19 €/Un",
        "Categorias_GTM": "Promoções, Casa, Detergente Máquina, Loiça, Poupe Esta Semana",
        "Data_Coleta": "2025-06-01 01:38:27"
    },
    {
        "ID_Produto": "846658",
        "Categoria_Scraping": "promocoes",
        "Nome": "Queijo Flamengo Fatiado",
        "Marca": "Limiano",
        "Preco": 2.29,
        "Unidade_Info": "0.2 Kg | 11,45 €/Kg",
        "Categorias_GTM": "Categoria Referência SFCC, Fatiado e Bola, Frigorífico, Queijo, Poupe Este Fim De Semana",
        "Data_Coleta": "2025-06-01 01:38:27"
    },
    {
        "ID_Produto": "955350",
        "Categoria_Scraping": "promocoes",
        "Nome": "Comida para Gato Adulto Esterilizado Vaca",
        "Marca": "Purina One",
        "Preco": 15.59,
        "Unidade_Info": "2.8 Kg | 5,57 €/Kg",
        "Categorias_GTM": "Categoria Referência SFCC, Poupe Esta Semana, Poupe Este Fim De Semana, Promoções, Animais",
        "Data_Coleta": "2025-06-01 01:38:27"
    },
    {
        "ID_Produto": "556778",
        "Categoria_Scraping": "promocoes",
        "Nome": "Polvo Limpo Congelado",
        "Marca": "Nossa Peixaria",
        "Preco": 12.49,
        "Unidade_Info": "1 Kg",
        "Categorias_GTM": "Poupe Esta Semana, Categoria Referência SFCC, Congelados, Peixe, Polvo, Lulas e Chocos",
        "Data_Coleta": "2025-06-01 01:38:27"
    },
    {
        "ID_Produto": "673282",
        "Categoria_Scraping": "promocoes",
        "Nome": "Leite UHT Magro sem Lactose",
        "Marca": "Mimosa",
        "Preco": 1.15,
        "Unidade_Info": "1 L | 1,15 €/L",
        "Categorias_GTM": "Categoria Referência SFCC, Leite Magro, Leite, Natas e Ovos, Poupe Esta Semana, Promoções",
        "Data_Coleta": "2025-06-01 01:38:27"
    },
    {
        "ID_Produto": "906654",
        "Categoria_Scraping": "promocoes",
        "Nome": "Azeite Virgem Extra Especial",
        "Marca": "Oliveira da Serra",
        "Preco": 20.39,
        "Unidade_Info": "3 L | 6,8 €/L",
        "Categorias_GTM": "Azeite, Azeite, Óleo e Vinagre, Mercearia, Categoria Referência SFCC, Poupe Este Fim De Semana",
        "Data_Coleta": "2025-06-01 01:38:27"
    },
    {
        "ID_Produto": "669374",
        "Categoria_Scraping": "promocoes",
        "Nome": "Miolo de Camarão Gigante 15/30",
        "Marca": "Pescanova",
        "Preco": 6.99,
        "Unidade_Info": "0.25 Kg | 27,96 €/Kg",
        "Categorias_GTM": "Categoria Referência SFCC, Poupe Esta Semana, Marisco, Congelados, Promoções",
        "Data_Coleta": "2025-06-01 01:38:27"
    },
    {
        "ID_Produto": "813305",
        "Categoria_Scraping": "promocoes",
        "Nome": "Salmão Pequeno Fresco",
        "Marca": "Nossa Peixaria",
        "Preco": 7.99,
        "Unidade_Info": "2.8 Kg",
        "Categorias_GTM": "Peixaria, Peixe, Poupe Esta Semana, Poupe Este Fim De Semana, Categoria Referência SFCC",
        "Data_Coleta": "2025-06-01 01:38:27"
    },
    {
        "ID_Produto": "964140",
        "Categoria_Scraping": "promocoes",
        "Nome": "Pastilhas para Máquina Loiça All-In-One Limão",
        "Marca": "Sun",
        "Preco": 9.99,
        "Unidade_Info": "80 Un | 0,12 €/Un",
        "Categorias_GTM": "Casa, Detergente Máquina, Loiça, Promoções, Poupe Esta Semana",
        "Data_Coleta": "2025-06-01 01:38:27"
    },
    {
        "ID_Produto": "695633",
        "Categoria_Scraping": "promocoes",
        "Nome": "Lulas Limpas Congeladas",
        "Marca": "Pescanova",
        "Preco": 5.49,
        "Unidade_Info": "0.45 Kg | 12,2 €/Kg",
        "Categorias_GTM": "Promoções, Categoria Referência SFCC, Poupe Esta Semana, Peixe, Polvo, Lulas e Chocos",
        "Data_Coleta": "2025-06-01 01:38:27"
    },
    {
        "ID_Produto": "952429",
        "Categoria_Scraping": "promocoes",
        "Nome": "Detergente Loiça Manual Ultra Limão",
        "Marca": "Fairy",
        "Preco": 4.99,
        "Unidade_Info": "1.25 L | 3,99 €/L",
        "Categorias_GTM": "Promoções, Categoria Referência SFCC, Casa, Detergente Manual, Loiça",
        "Data_Coleta": "2025-06-01 01:38:27"
    },
    {
        "ID_Produto": "465791",
        "Categoria_Scraping": "promocoes",
        "Nome": "Perninhas de Frango Embaladas",
        "Marca": "Nosso Talho",
        "Preco": 4.48,
        "Unidade_Info": "0.6 Kg",
        "Categorias_GTM": "Categoria Referência SFCC, Frango, Peru e Pato, Talho, Poupe Esta Semana, Promoções",
        "Data_Coleta": "2025-06-01 01:38:27"
    },
    {
        "ID_Produto": "623900",
        "Categoria_Scraping": "promocoes",
        "Nome": "Arroz Agulha",
        "Marca": "Cigala",
        "Preco": 1.38,
        "Unidade_Info": "1 Kg | 1,38 €/Kg",
        "Categorias_GTM": "Arroz, Arroz e Massa, Mercearia, Categoria Referência SFCC, Poupe Esta Semana",
        "Data_Coleta": "2025-06-01 01:38:33"
    },
    {
        "ID_Produto": "879922",
        "Categoria_Scraping": "promocoes",
        "Nome": "Queijo Flamengo Fatiado",
        "Marca": "Terra Nostra",
        "Preco": 4.19,
        "Unidade_Info": "0.4 Kg | 10,48 €/Kg",
        "Categorias_GTM": "Fatiado e Bola, Frigorífico, Queijo, Categoria Referência SFCC, Poupe Esta Semana",
        "Data_Coleta": "2025-06-01 01:38:33"
    },
    {
        "ID_Produto": "311562",
        "Categoria_Scraping": "promocoes",
        "Nome": "Cereais de Chocolate",
        "Marca": "Chocapic",
        "Preco": 3.49,
        "Unidade_Info": "0.625 Kg | 5,58 €/Kg",
        "Categorias_GTM": "Poupe Esta Semana, Promoções, Cereais e Barras, Infantis e Juvenis, Mercearia",
        "Data_Coleta": "2025-06-01 01:38:33"
    },
    {
        "ID_Produto": "906866",
        "Categoria_Scraping": "promocoes",
        "Nome": "Camarão Cozido 30/50 Fresco Embalado",
        "Marca": "Nossa Peixaria",
        "Preco": 6.95,
        "Unidade_Info": "0.5 Kg | 13,9 €/Kg",
        "Categorias_GTM": "Marisco, Peixaria, Categoria Referência SFCC, Poupe Este Fim De Semana, Promoções",
        "Data_Coleta": "2025-06-01 01:38:33"
    },
    {
        "ID_Produto": "952408",
        "Categoria_Scraping": "promocoes",
        "Nome": "Bacalhau Desfiado Congelado",
        "Marca": "Pescanova",
        "Preco": 9.99,
        "Unidade_Info": "0.85 Kg | 11,75 €/Kg",
        "Categorias_GTM": "Bacalhau, Congelados, Peixe, Categoria Referência SFCC, Poupe Esta Semana",
        "Data_Coleta": "2025-06-01 01:38:33"
    },
    {
        "ID_Produto": "512015",
        "Categoria_Scraping": "promocoes",
        "Nome": "Pão de Forma Brioche",
        "Marca": "Nossa Padaria",
        "Preco": 2.49,
        "Unidade_Info": "0.5 Kg | 4,98 €/Kg",
        "Categorias_GTM": "Categoria Referência SFCC, Poupe Esta Semana, Promoções, Padaria e Pastelaria, Pastelaria",
        "Data_Coleta": "2025-06-01 01:38:33"
    },
    {
        "ID_Produto": "956837",
        "Categoria_Scraping": "promocoes",
        "Nome": "Mimos de Pescada Congelados",
        "Marca": "Pescanova",
        "Preco": 10.99,
        "Unidade_Info": "1 Kg | 10,99 €/Kg",
        "Categorias_GTM": "Categoria Referência SFCC, Poupe Esta Semana, Promoções, Peixe, Postas, Filetes e Medalhões",
        "Data_Coleta": "2025-06-01 01:38:33"
    },
    {
        "ID_Produto": "984790",
        "Categoria_Scraping": "promocoes",
        "Nome": "Fraldas Bebé Rascals & Friends 13-18kg T5",
        "Marca": "Rascal & Friends",
        "Preco": 5.99,
        "Unidade_Info": "26 Un | 0,23 €/Un",
        "Categorias_GTM": "Fraldas, Infantil, Categoria Referência SFCC, Poupe Esta Semana, Promoções",
        "Data_Coleta": "2025-06-01 01:38:33"
    },
    {
        "ID_Produto": "958801",
        "Categoria_Scraping": "promocoes",
        "Nome": "Crocantes de Frango Cordon Bleu Congelados",
        "Marca": "Iglo",
        "Preco": 9.99,
        "Unidade_Info": "0.6 Kg | 16,65 €/Kg",
        "Categorias_GTM": "Promoções, Poupe Esta Semana, Congelados, Barrinhas, Nuggets e Panados, Refeições",
        "Data_Coleta": "2025-06-01 01:38:33"
    },
    {
        "ID_Produto": "691908",
        "Categoria_Scraping": "promocoes",
        "Nome": "Água sem Gás Garrafão",
        "Marca": "Fastio",
        "Preco": 1.49,
        "Unidade_Info": "6 L | 0,25 €/L",
        "Categorias_GTM": "Categoria Referência SFCC, Água, Água sem Gás, Bebidas, Poupe Este Fim De Semana",
        "Data_Coleta": "2025-06-01 01:38:33"
    },
    {
        "ID_Produto": "975275",
        "Categoria_Scraping": "promocoes",
        "Nome": "Gelado After Dinner",
        "Marca": "Magnum",
        "Preco": 4.19,
        "Unidade_Info": "0.28 L | 14,96 €/L",
        "Categorias_GTM": "Congelados, Gelados, Poupe Esta Semana, Promoções, Categoria Referência SFCC",
        "Data_Coleta": "2025-06-01 01:38:33"
    },
    {
        "ID_Produto": "960340",
        "Categoria_Scraping": "promocoes",
        "Nome": "Detergente Máquina Roupa Pó Sabão Natural",
        "Marca": "Skip",
        "Preco": 13.99,
        "Unidade_Info": "100 Dos | 0,14 €/Dos",
        "Categorias_GTM": "Promoções, Poupe Esta Semana, Casa, Detergente, Roupa",
        "Data_Coleta": "2025-06-01 01:38:33"
    },
    {
        "ID_Produto": "816890",
        "Categoria_Scraping": "promocoes",
        "Nome": "Água sem Gás Pack 6",
        "Marca": "Vitalis",
        "Preco": 2.69,
        "Unidade_Info": "6 x1.5 L | 0,3 €/L",
        "Categorias_GTM": "Poupe Esta Semana, Categoria Referência SFCC, Água, Água sem Gás, Bebidas",
        "Data_Coleta": "2025-06-01 01:38:39"
    },
    {
        "ID_Produto": "942474",
        "Categoria_Scraping": "promocoes",
        "Nome": "Fraldas Bebé Seco Extra 12-17kg T5+",
        "Marca": "Dodot",
        "Preco": 13.49,
        "Unidade_Info": "56 Un | 0,24 €/Un",
        "Categorias_GTM": "Promoções, Fraldas, Infantil, Categoria Referência SFCC, Poupe Esta Semana",
        "Data_Coleta": "2025-06-01 01:38:39"
    },
    {
        "ID_Produto": "250189",
        "Categoria_Scraping": "promocoes",
        "Nome": "Vitela para Cozer/Estufar",
        "Marca": "Nosso Talho",
        "Preco": 8.98,
        "Unidade_Info": "0.5 Kg",
        "Categorias_GTM": "Promoções, Poupe Esta Semana, Bovino, Novilho e Vitelão, Talho, Categoria Referência SFCC",
        "Data_Coleta": "2025-06-01 01:38:39"
    },
    {
        "ID_Produto": "974315",
        "Categoria_Scraping": "promocoes",
        "Nome": "Batatas Fritas Gourmet Original",
        "Marca": "Lay's",
        "Preco": 1.59,
        "Unidade_Info": "0.17 Kg | 9,35 €/Kg",
        "Categorias_GTM": "N/A",
        "Data_Coleta": "2025-06-01 01:38:39"
    },
    {
        "ID_Produto": "846660",
        "Categoria_Scraping": "promocoes",
        "Nome": "Queijo Flamengo -50% Gordura Fatiado",
        "Marca": "Limiano",
        "Preco": 2.39,
        "Unidade_Info": "0.2 Kg | 11,95 €/Kg",
        "Categorias_GTM": "Categoria Referência SFCC, Fatiado e Bola, Frigorífico, Queijo, Poupe Esta Semana",
        "Data_Coleta": "2025-06-01 01:38:39"
    },
    {
        "ID_Produto": "980575",
        "Categoria_Scraping": "promocoes",
        "Nome": "Fraldas Sensitive Extra 12-16kg T5",
        "Marca": "Dodot",
        "Preco": 16.49,
        "Unidade_Info": "44 Un | 0,37 €/Un",
        "Categorias_GTM": "Promoções, Fraldas, Infantil, Poupe Esta Semana, Categoria Referência SFCC",
        "Data_Coleta": "2025-06-01 01:38:39"
    },
    {
        "ID_Produto": "759796",
        "Categoria_Scraping": "promocoes",
        "Nome": "Miolo de Camarão 40/60 Congelado",
        "Marca": "Pescanova",
        "Preco": 4.59,
        "Unidade_Info": "0.2 Kg | 22,95 €/Kg",
        "Categorias_GTM": "Congelados, Marisco, Categoria Referência SFCC, Poupe Esta Semana, Promoções",
        "Data_Coleta": "2025-06-01 01:38:39"
    },
    {
        "ID_Produto": "873246",
        "Categoria_Scraping": "promocoes",
        "Nome": "Leite UHT Meio Gordo Pastagem Açores",
        "Marca": "Milhafre",
        "Preco": 0.89,
        "Unidade_Info": "1 L | 0,89 €/L",
        "Categorias_GTM": "Leite Gordo e Meio Gordo, Leite, Natas e Ovos, Promoções, Categoria Referência SFCC, Poupe Esta Semana",
        "Data_Coleta": "2025-06-01 01:38:39"
    },
    {
        "ID_Produto": "955170",
        "Categoria_Scraping": "promocoes",
        "Nome": "Toalhitas Bebé Aqua Pure",
        "Marca": "Dodot",
        "Preco": 4.79,
        "Unidade_Info": "144 Un | 0,03 €/Un",
        "Categorias_GTM": "Categoria Referência SFCC, Poupe Esta Semana, Promoções, Infantil, Toalhitas",
        "Data_Coleta": "2025-06-01 01:38:39"
    },
    {
        "ID_Produto": "250544",
        "Categoria_Scraping": "promocoes",
        "Nome": "Bife do Redondo de Vitelão",
        "Marca": "Nosso Talho",
        "Preco": 13.48,
        "Unidade_Info": "0.25 Kg",
        "Categorias_GTM": "Bovino, Novilho e Vitelão, Talho, Categoria Referência SFCC, Poupe Este Fim De Semana, Poupe Esta Semana",
        "Data_Coleta": "2025-06-01 01:38:39"
    },
    {
        "ID_Produto": "755333",
        "Categoria_Scraping": "promocoes",
        "Nome": "Vodka Eristoff",
        "Marca": "Eristoff",
        "Preco": 11.59,
        "Unidade_Info": "0.7 L | 16,56 €/L",
        "Categorias_GTM": "Poupe Esta Semana, Promoções, Categoria Referência SFCC, Bebidas, Vodka e Gin",
        "Data_Coleta": "2025-06-01 01:38:39"
    },
    {
        "ID_Produto": "822645",
        "Categoria_Scraping": "promocoes",
        "Nome": "Leite UHT Magro Pastagem",
        "Marca": "Terra Nostra",
        "Preco": 0.89,
        "Unidade_Info": "1 L | 0,89 €/L",
        "Categorias_GTM": "Leite Magro, Leite, Natas e Ovos, Categoria Referência SFCC, Poupe Esta Semana, Promoções",
        "Data_Coleta": "2025-06-01 01:38:39"
    },
    {
        "ID_Produto": "44066",
        "Categoria_Scraping": "promocoes",
        "Nome": "Robalo 200/600 Fresco",
        "Marca": "Nossa Peixaria",
        "Preco": 7.49,
        "Unidade_Info": "0.4 Kg",
        "Categorias_GTM": "Peixaria, Peixe, Categoria Referência SFCC, Poupe Esta Semana, Promoções",
        "Data_Coleta": "2025-06-01 01:38:45"
    },
    {
        "ID_Produto": "805785",
        "Categoria_Scraping": "promocoes",
        "Nome": "Toalhitas Bebé",
        "Marca": "Cuida Bebé",
        "Preco": 3.49,
        "Unidade_Info": "288 Un | 0,01 €/Un",
        "Categorias_GTM": "Poupe Esta Semana, Promoções, Categoria Referência SFCC, As Nossas Marcas, Cuida Bebé",
        "Data_Coleta": "2025-06-01 01:38:45"
    },
    {
        "ID_Produto": "303618",
        "Categoria_Scraping": "promocoes",
        "Nome": "Salmão Inteiro Fresco",
        "Marca": "Nossa Peixaria",
        "Preco": 7.99,
        "Unidade_Info": "4.2 Kg",
        "Categorias_GTM": "Peixaria, Peixe, Promoções, Poupe Esta Semana, Categoria Referência SFCC",
        "Data_Coleta": "2025-06-01 01:38:45"
    },
    {
        "ID_Produto": "660419",
        "Categoria_Scraping": "promocoes",
        "Nome": "Papel Higénico 2 Folhas Extra XXL 18=45 Rolos",
        "Marca": "Renova",
        "Preco": 8.88,
        "Unidade_Info": "18 Ro | 0,49 €/Ro",
        "Categorias_GTM": "Higiene Pessoal e Beleza, Papel Higiénico e Toalhitas, Categoria Referência SFCC, Promoções, Poupe Este Fim De Semana",
        "Data_Coleta": "2025-06-01 01:38:45"
    },
    {
        "ID_Produto": "57687",
        "Categoria_Scraping": "promocoes",
        "Nome": "Meloa Galia",
        "Marca": "Nossa Fruta e Legumes",
        "Preco": 1.99,
        "Unidade_Info": "1.1 Kg",
        "Categorias_GTM": "Categoria Referência SFCC, Frutas, Frutas e Vegetais, Poupe Esta Semana, Promoções",
        "Data_Coleta": "2025-06-01 01:38:45"
    },
    {
        "ID_Produto": "949743",
        "Categoria_Scraping": "promocoes",
        "Nome": "Papa Infantil Farinha Láctea +6 Meses",
        "Marca": "Cerelac",
        "Preco": 6.29,
        "Unidade_Info": "0.9 Kg | 6,99 €/Kg",
        "Categorias_GTM": "Alimentação, Infantil, Papas, Categoria Referência SFCC, Poupe Este Fim De Semana",
        "Data_Coleta": "2025-06-01 01:38:45"
    },
    {
        "ID_Produto": "979103",
        "Categoria_Scraping": "promocoes",
        "Nome": "Detergente Máquina Roupa Líquido Ciclos Curtos Eficácia",
        "Marca": "Skip",
        "Preco": 9.99,
        "Unidade_Info": "54 Dos | 0,19 €/Dos",
        "Categorias_GTM": "Poupe Esta Semana, Promoções, Casa, Detergente, Roupa",
        "Data_Coleta": "2025-06-01 01:38:45"
    },
    {
        "ID_Produto": "719715",
        "Categoria_Scraping": "promocoes",
        "Nome": "Papel Higénico 4 Folhas",
        "Marca": "Renova",
        "Preco": 3.74,
        "Unidade_Info": "9 Un | 0,42 €/Un",
        "Categorias_GTM": "Poupe Esta Semana, Promoções, Categoria Referência SFCC, Higiene Pessoal e Beleza, Papel Higiénico e Toalhitas",
        "Data_Coleta": "2025-06-01 01:38:45"
    },
    {
        "ID_Produto": "907039",
        "Categoria_Scraping": "promocoes",
        "Nome": "Hambúrgueres de Vaca sem Glúten Congelados",
        "Marca": "Capitão Iglo",
        "Preco": 16.99,
        "Unidade_Info": "1.4 Kg | 12,14 €/Kg",
        "Categorias_GTM": "Promoções, Poupe Esta Semana, Congelados, Hambúgueres, Refeições",
        "Data_Coleta": "2025-06-01 01:38:45"
    },
    {
        "ID_Produto": "868423",
        "Categoria_Scraping": "promocoes",
        "Nome": "Camarão Cozido 30/50 Fresco",
        "Marca": "Nossa Peixaria",
        "Preco": 11.99,
        "Unidade_Info": "1 Kg",
        "Categorias_GTM": "Marisco, Peixaria, Categoria Referência SFCC, Poupe Este Fim De Semana, Promoções",
        "Data_Coleta": "2025-06-01 01:38:45"
    },
    {
        "ID_Produto": "56746",
        "Categoria_Scraping": "promocoes",
        "Nome": "Café em Grão Clássico",
        "Marca": "Sical",
        "Preco": 15.39,
        "Unidade_Info": "1 Kg | 15,39 €/Kg",
        "Categorias_GTM": "Café, Chá e Bebidas Quentes, Café Moído e Grão, Mercearia, Categoria Referência SFCC, Poupe Esta Semana",
        "Data_Coleta": "2025-06-01 01:38:45"
    },
    {
        "ID_Produto": "250186",
        "Categoria_Scraping": "promocoes",
        "Nome": "Bife da Pá e Acém de Vitela",
        "Marca": "Nosso Talho",
        "Preco": 10.48,
        "Unidade_Info": "0.25 Kg",
        "Categorias_GTM": "Bovino, Novilho e Vitelão, Talho, Categoria Referência SFCC, Poupe Este Fim De Semana, Poupe Esta Semana",
        "Data_Coleta": "2025-06-01 01:38:45"
    },
    {
        "ID_Produto": "967770",
        "Categoria_Scraping": "promocoes",
        "Nome": "Massa Esparguete",
        "Marca": "Milaneza",
        "Preco": 0.59,
        "Unidade_Info": "0.55 Kg | 1,07 €/Kg",
        "Categorias_GTM": "Arroz e Massa, Massa, Mercearia, Promoções, Poupe Esta Semana",
        "Data_Coleta": "2025-06-01 01:38:52"
    },
    {
        "ID_Produto": "815243",
        "Categoria_Scraping": "promocoes",
        "Nome": "Douradinhos de Peixe Congelados",
        "Marca": "Capitão Iglo",
        "Preco": 4.99,
        "Unidade_Info": "0.42 Kg | 11,88 €/Kg",
        "Categorias_GTM": "Categoria Referência SFCC, Poupe Esta Semana, Promoções, Congelados, Barrinhas, Nuggets e Panados",
        "Data_Coleta": "2025-06-01 01:38:52"
    },
    {
        "ID_Produto": "480252",
        "Categoria_Scraping": "promocoes",
        "Nome": "Manteiga Magra",
        "Marca": "Matinal",
        "Preco": 2.49,
        "Unidade_Info": "0.25 Kg | 9,96 €/Kg",
        "Categorias_GTM": "Categoria Referência SFCC, Frigorífico, Manteigas e Cremes para Barrar, Poupe Este Fim De Semana, Poupe Esta Semana",
        "Data_Coleta": "2025-06-01 01:38:52"
    },
    {
        "ID_Produto": "950028",
        "Categoria_Scraping": "promocoes",
        "Nome": "Bacon em Cubos",
        "Marca": "Porminho",
        "Preco": 2.59,
        "Unidade_Info": "0.15 Kg | 17,27 €/Kg",
        "Categorias_GTM": "Bacon, Charcutaria, Categoria Referência SFCC, Poupe Esta Semana, Promoções",
        "Data_Coleta": "2025-06-01 01:38:52"
    },
    {
        "ID_Produto": "254197",
        "Categoria_Scraping": "promocoes",
        "Nome": "Filete de Salmão Fresco",
        "Marca": "Nossa Peixaria",
        "Preco": 16.76,
        "Unidade_Info": "0.5 Kg",
        "Categorias_GTM": "Promoções, Peixaria, Peixe, Poupe Esta Semana, Categoria Referência SFCC",
        "Data_Coleta": "2025-06-01 01:38:52"
    },
    {
        "ID_Produto": "961838",
        "Categoria_Scraping": "promocoes",
        "Nome": "Bacalhau Graúdo 1ª Noruega",
        "Marca": "Peixaria",
        "Preco": 15.99,
        "Unidade_Info": "2.4 Kg",
        "Categorias_GTM": "Categoria Referência SFCC, Poupe Este Fim De Semana, Poupe Esta Semana, Promoções",
        "Data_Coleta": "2025-06-01 01:38:52"
    },
    {
        "ID_Produto": "985020",
        "Categoria_Scraping": "promocoes",
        "Nome": "Fraldas Bebé Rascals & Friends 6-11kg T3",
        "Marca": "Rascal & Friends",
        "Preco": 5.99,
        "Unidade_Info": "34 Un | 0,18 €/Un",
        "Categorias_GTM": "Fraldas, Infantil, Categoria Referência SFCC, Poupe Esta Semana, Promoções",
        "Data_Coleta": "2025-06-01 01:38:52"
    },
    {
        "ID_Produto": "250170",
        "Categoria_Scraping": "promocoes",
        "Nome": "Entremeada de Porco com Entrecosto",
        "Marca": "Nosso Talho",
        "Preco": 4.29,
        "Unidade_Info": "0.2 Kg",
        "Categorias_GTM": "Porco, Talho, Categoria Referência SFCC, Poupe Este Fim De Semana, Promoções",
        "Data_Coleta": "2025-06-01 01:38:52"
    },
    {
        "ID_Produto": "42854",
        "Categoria_Scraping": "promocoes",
        "Nome": "Pepino",
        "Marca": "Nossa Fruta e Legumes",
        "Preco": 0.99,
        "Unidade_Info": "0.26 Kg",
        "Categorias_GTM": "Frutas e Vegetais, Vegetais, Categoria Referência SFCC, Poupe Este Fim De Semana, Poupe Esta Semana",
        "Data_Coleta": "2025-06-01 01:38:52"
    },
    {
        "ID_Produto": "938871",
        "Categoria_Scraping": "promocoes",
        "Nome": "Papel Higénico 3 Folhas Super",
        "Marca": "Renova",
        "Preco": 4.49,
        "Unidade_Info": "18 Un | 0,25 €/Un",
        "Categorias_GTM": "Higiene Pessoal e Beleza, Papel Higiénico e Toalhitas, Promoções, Categoria Referência SFCC, Poupe Esta Semana",
        "Data_Coleta": "2025-06-01 01:38:52"
    },
    {
        "ID_Produto": "970726",
        "Categoria_Scraping": "promocoes",
        "Nome": "Pastilhas para Máquina Loiça Platinum Plus Limão",
        "Marca": "Fairy",
        "Preco": 10.99,
        "Unidade_Info": "40 Un | 0,27 €/Un",
        "Categorias_GTM": "Poupe Esta Semana, Casa, Detergente Máquina, Loiça, Promoções",
        "Data_Coleta": "2025-06-01 01:38:52"
    },
    {
        "ID_Produto": "976880",
        "Categoria_Scraping": "promocoes",
        "Nome": "Tira Nódoas Pó Oxi Action Cores",
        "Marca": "Vanish",
        "Preco": 12.99,
        "Unidade_Info": "1.45 Kg | 8,96 €/Kg",
        "Categorias_GTM": "Promoções, Aditivos, Casa, Roupa, Poupe Esta Semana",
        "Data_Coleta": "2025-06-01 01:38:52"
    },
    {
        "ID_Produto": "662933",
        "Categoria_Scraping": "promocoes",
        "Nome": "Pescada Grande do Chile a Granel Congelada",
        "Marca": "Nossa Peixaria",
        "Preco": 9.99,
        "Unidade_Info": "1.2 Kg",
        "Categorias_GTM": "Promoções, Poupe Esta Semana, Categoria Referência SFCC, Congelados, Peixe",
        "Data_Coleta": "2025-06-01 01:38:58"
    },
    {
        "ID_Produto": "507008",
        "Categoria_Scraping": "promocoes",
        "Nome": "Água com Gás Limão Pack 4",
        "Marca": "Pedras Salgadas",
        "Preco": 2.19,
        "Unidade_Info": "4 x0.25 L | 2,19 €/L",
        "Categorias_GTM": "Categoria Referência SFCC, Promoções, Água, Água com Gás, Bebidas",
        "Data_Coleta": "2025-06-01 01:38:58"
    },
    {
        "ID_Produto": "974640",
        "Categoria_Scraping": "promocoes",
        "Nome": "Gelado Chocolate Clássico, Amêndoa e Chocolate Branco",
        "Marca": "Magnum",
        "Preco": 5.99,
        "Unidade_Info": "0.8 L | 7,49 €/L",
        "Categorias_GTM": "Congelados, Gelados, Poupe Esta Semana, Promoções, Categoria Referência SFCC",
        "Data_Coleta": "2025-06-01 01:38:58"
    },
    {
        "ID_Produto": "910521",
        "Categoria_Scraping": "promocoes",
        "Nome": "Lombos de Salmão Congelados",
        "Marca": "Pescanova",
        "Preco": 7.99,
        "Unidade_Info": "0.25 Kg | 31,96 €/Kg",
        "Categorias_GTM": "Congelados, Peixe, Postas, Filetes e Medalhões, Poupe Esta Semana, Promoções",
        "Data_Coleta": "2025-06-01 01:38:58"
    },
    {
        "ID_Produto": "889843",
        "Categoria_Scraping": "promocoes",
        "Nome": "Postas de Bacalhau Congeladas",
        "Marca": "Pascoal",
        "Preco": 9.49,
        "Unidade_Info": "0.7 Kg | 13,56 €/Kg",
        "Categorias_GTM": "Promoções, Poupe Esta Semana, Categoria Referência SFCC, Bacalhau, Peixe",
        "Data_Coleta": "2025-06-01 01:38:58"
    },
    {
        "ID_Produto": "746257",
        "Categoria_Scraping": "promocoes",
        "Nome": "Cuecas Incontinência Tamanho Grande",
        "Marca": "Tena",
        "Preco": 12.59,
        "Unidade_Info": "14 Un | 0,9 €/Un",
        "Categorias_GTM": "Poupe Esta Semana, Categoria Referência SFCC, Promoções, Fraldas e Cuecas, Higiene Pessoal e Beleza",
        "Data_Coleta": "2025-06-01 01:38:58"
    },
    {
        "ID_Produto": "27730",
        "Categoria_Scraping": "promocoes",
        "Nome": "Vinho Branco Alentejo Monte Velho",
        "Marca": "Monte Velho",
        "Preco": 3.99,
        "Unidade_Info": "0.75 L | 5,32 €/L",
        "Categorias_GTM": "Alentejo, Bebidas, Vinho Branco, Promoções, Poupe Esta Semana",
        "Data_Coleta": "2025-06-01 01:38:58"
    },
    {
        "ID_Produto": "903400",
        "Categoria_Scraping": "promocoes",
        "Nome": "Detergente em Gel Máquina Loiça Gel 0%",
        "Marca": "Finish",
        "Preco": 9.49,
        "Unidade_Info": "50 Dos | 0,19 €/Dos",
        "Categorias_GTM": "Casa, Detergente Máquina, Loiça, Poupe Esta Semana, Categoria Referência SFCC",
        "Data_Coleta": "2025-06-01 01:38:58"
    },
    {
        "ID_Produto": "942462",
        "Categoria_Scraping": "promocoes",
        "Nome": "Nestum Mel Flocos Cereais",
        "Marca": "Nestum",
        "Preco": 3.79,
        "Unidade_Info": "0.6 Kg | 6,32 €/Kg",
        "Categorias_GTM": "Alimentação, Infantil, Papas, Categoria Referência SFCC, Poupe Este Fim De Semana",
        "Data_Coleta": "2025-06-01 01:38:58"
    },
    {
        "ID_Produto": "859408",
        "Categoria_Scraping": "promocoes",
        "Nome": "Anti-Bolores Spray",
        "Marca": "Cif",
        "Preco": 2.49,
        "Unidade_Info": "0.435 L | 5,72 €/L",
        "Categorias_GTM": "Abrasivos, Casa, Limpeza da Casa, Promoções, Poupe Esta Semana",
        "Data_Coleta": "2025-06-01 01:38:58"
    },
    {
        "ID_Produto": "723066",
        "Categoria_Scraping": "promocoes",
        "Nome": "Bife da Rabadilha de Bovino",
        "Marca": "Nosso Talho",
        "Preco": 10.78,
        "Unidade_Info": "0.25 Kg",
        "Categorias_GTM": "Categoria Referência SFCC, Bovino, Novilho e Vitelão, Talho, Poupe Este Fim De Semana, Promoções",
        "Data_Coleta": "2025-06-01 01:38:58"
    },
    {
        "ID_Produto": "976874",
        "Categoria_Scraping": "promocoes",
        "Nome": "Perninhas de Frango Embaladas",
        "Marca": "Nosso Talho",
        "Preco": 4.48,
        "Unidade_Info": "0.6 Kg",
        "Categorias_GTM": "Frango, Peru e Pato, Talho, Categoria Referência SFCC, Poupe Este Fim De Semana, Poupe Esta Semana",
        "Data_Coleta": "2025-06-01 01:38:58"
    },
    {
        "ID_Produto": "658218",
        "Categoria_Scraping": "promocoes",
        "Nome": "Camarão 20/30 Vannamei Congelado",
        "Marca": "Nossa Peixaria",
        "Preco": 8.99,
        "Unidade_Info": "0.5 Kg",
        "Categorias_GTM": "Categoria Referência SFCC, Promoções, Congelados, Marisco, Poupe Esta Semana",
        "Data_Coleta": "2025-06-01 01:39:05"
    },
    {
        "ID_Produto": "879286",
        "Categoria_Scraping": "promocoes",
        "Nome": "Queijo Flamengo Light Fatiado",
        "Marca": "Terra Nostra",
        "Preco": 4.29,
        "Unidade_Info": "0.4 Kg | 10,73 €/Kg",
        "Categorias_GTM": "Fatiado e Bola, Frigorífico, Queijo, Categoria Referência SFCC, Poupe Esta Semana",
        "Data_Coleta": "2025-06-01 01:39:05"
    },
    {
        "ID_Produto": "373083",
        "Categoria_Scraping": "promocoes",
        "Nome": "Tomate com Rama 57/67",
        "Marca": "Nossa Fruta e Legumes",
        "Preco": 1.39,
        "Unidade_Info": "0.11 Kg",
        "Categorias_GTM": "Frutas e Vegetais, Vegetais, Categoria Referência SFCC, Poupe Este Fim De Semana, Poupe Esta Semana",
        "Data_Coleta": "2025-06-01 01:39:05"
    },
    {
        "ID_Produto": "976882",
        "Categoria_Scraping": "promocoes",
        "Nome": "Pasta de Dentes Pro-Expert Proteção Profissional",
        "Marca": "Oral-B",
        "Preco": 5.19,
        "Unidade_Info": "0.15 L | 34,6 €/L",
        "Categorias_GTM": "Promoções, Higiene Oral, Higiene Pessoal e Beleza, Pasta de Dentes, Poupe Esta Semana",
        "Data_Coleta": "2025-06-01 01:39:05"
    },
    {
        "ID_Produto": "754243",
        "Categoria_Scraping": "promocoes",
        "Nome": "Abrasivo Creme Branco",
        "Marca": "Cif",
        "Preco": 2.69,
        "Unidade_Info": "0.75 L | 3,59 €/L",
        "Categorias_GTM": "Poupe Esta Semana, Promoções, Categoria Referência SFCC, Poupe Este Fim De Semana, Abrasivos",
        "Data_Coleta": "2025-06-01 01:39:05"
    },
    {
        "ID_Produto": "506278",
        "Categoria_Scraping": "promocoes",
        "Nome": "Detergente Spray Multiusos Lixívia Power & Shine",
        "Marca": "Cif",
        "Preco": 2.69,
        "Unidade_Info": "1 L | 2,69 €/L",
        "Categorias_GTM": "Categoria Referência SFCC, Promoções, Abrasivos, Casa, Limpeza da Casa",
        "Data_Coleta": "2025-06-01 01:39:05"
    },
    {
        "ID_Produto": "907040",
        "Categoria_Scraping": "promocoes",
        "Nome": "Hambúrgueres de Frango sem Glíten Congelados",
        "Marca": "Capitão Iglo",
        "Preco": 16.99,
        "Unidade_Info": "1.08 Kg | 15,73 €/Kg",
        "Categorias_GTM": "Congelados, Hambúgueres, Refeições, Poupe Esta Semana, Promoções",
        "Data_Coleta": "2025-06-01 01:39:05"
    },
    {
        "ID_Produto": "983941",
        "Categoria_Scraping": "promocoes",
        "Nome": "Condicionador Pro-V Active Nutri-Plex Repara e Protege",
        "Marca": "Pantene",
        "Preco": 9.44,
        "Unidade_Info": "0.8 L | 11,8 €/L",
        "Categorias_GTM": "Cabelo, Condicionador, Higiene Pessoal e Beleza, Promoções, Categoria Referência SFCC",
        "Data_Coleta": "2025-06-01 01:39:05"
    },
    {
        "ID_Produto": "967868",
        "Categoria_Scraping": "promocoes",
        "Nome": "Pasta de Dentes Fresh Gel",
        "Marca": "Colgate",
        "Preco": 3.49,
        "Unidade_Info": "0.15 L | 23,27 €/L",
        "Categorias_GTM": "Higiene Oral, Higiene Pessoal e Beleza, Pasta de Dentes, Promoções, Poupe Esta Semana",
        "Data_Coleta": "2025-06-01 01:39:05"
    },
    {
        "ID_Produto": "818901",
        "Categoria_Scraping": "promocoes",
        "Nome": "Fraldas Activity Extra 10-15kg T4",
        "Marca": "Dodot",
        "Preco": 14.99,
        "Unidade_Info": "52 Un | 0,29 €/Un",
        "Categorias_GTM": "Poupe Esta Semana, Promoções, Fraldas, Infantil, Categoria Referência SFCC",
        "Data_Coleta": "2025-06-01 01:39:05"
    },
    {
        "ID_Produto": "736431",
        "Categoria_Scraping": "promocoes",
        "Nome": "Maionese em Frasco",
        "Marca": "Hellmann's",
        "Preco": 3.09,
        "Unidade_Info": "0.416 Kg | 7,43 €/Kg",
        "Categorias_GTM": "N/A",
        "Data_Coleta": "2025-06-01 01:39:05"
    },
    {
        "ID_Produto": "3607",
        "Categoria_Scraping": "promocoes",
        "Nome": "Vinho Branco Alentejo Pingo Doce",
        "Marca": "Pingo Doce",
        "Preco": 1.49,
        "Unidade_Info": "0.75 L | 1,99 €/L",
        "Categorias_GTM": "As Nossas Marcas, Pingo Doce, Alentejo, Bebidas, Vinho Branco",
        "Data_Coleta": "2025-06-01 01:39:05"
    },
    {
        "ID_Produto": "949753",
        "Categoria_Scraping": "promocoes",
        "Nome": "Papa Infantil Farinha Láctea -40% Açúcares +6 Meses",
        "Marca": "Cerelac",
        "Preco": 5.97,
        "Unidade_Info": "0.9 Kg | 6,63 €/Kg",
        "Categorias_GTM": "Alimentação, Infantil, Papas, Categoria Referência SFCC, Poupe Este Fim De Semana",
        "Data_Coleta": "2025-06-01 01:39:11"
    },
    {
        "ID_Produto": "819374",
        "Categoria_Scraping": "promocoes",
        "Nome": "Compressas de Tecido Não Tecido 10 x 10cm",
        "Marca": "Pingo Doce",
        "Preco": 1.49,
        "Unidade_Info": "100 Un | 0,01 €/Un",
        "Categorias_GTM": "As Nossas Marcas, Pingo Doce, Categoria Referência SFCC, Poupe Esta Semana, Promoções",
        "Data_Coleta": "2025-06-01 01:39:11"
    },
    {
        "ID_Produto": "67805",
        "Categoria_Scraping": "promocoes",
        "Nome": "Whisky Johnnie Walker Red Label",
        "Marca": "Johnnie Walker",
        "Preco": 15.99,
        "Unidade_Info": "0.7 L | 22,84 €/L",
        "Categorias_GTM": "Categoria Referência SFCC, Bebidas, Whisky, Whisky e Espirituosas, Poupe Este Fim De Semana",
        "Data_Coleta": "2025-06-01 01:39:11"
    },
    {
        "ID_Produto": "944333",
        "Categoria_Scraping": "promocoes",
        "Nome": "Cápsulas de Café Nespresso Descafeinado",
        "Marca": "Buondi",
        "Preco": 3.29,
        "Unidade_Info": "10 Un | 0,33 €/Un",
        "Categorias_GTM": "Categoria Referência SFCC, Café, Chá e Bebidas Quentes, Cápsulas de Café, Mercearia, Poupe Esta Semana",
        "Data_Coleta": "2025-06-01 01:39:11"
    },
    {
        "ID_Produto": "859727",
        "Categoria_Scraping": "promocoes",
        "Nome": "Néctar 8 Frutos Pack 6",
        "Marca": "Um Bongo",
        "Preco": 2.29,
        "Unidade_Info": "1.2 L | 1,91 €/L",
        "Categorias_GTM": "Bebidas, Sumos e Néctares, Categoria Referência SFCC, Poupe Este Fim De Semana, Poupe Esta Semana",
        "Data_Coleta": "2025-06-01 01:39:11"
    },
    {
        "ID_Produto": "948427",
        "Categoria_Scraping": "promocoes",
        "Nome": "Fraldas Bebé Extra Care & Dry 13-18kg T5",
        "Marca": "Cuida Bebé",
        "Preco": 9.99,
        "Unidade_Info": "62 Un | 0,16 €/Un",
        "Categorias_GTM": "Fraldas, Infantil, Categoria Referência SFCC, Poupe Esta Semana, Promoções",
        "Data_Coleta": "2025-06-01 01:39:11"
    },
    {
        "ID_Produto": "337161",
        "Categoria_Scraping": "promocoes",
        "Nome": "Queijo Flamengo",
        "Marca": "Terra Nostra",
        "Preco": 9.29,
        "Unidade_Info": "0.2 Kg",
        "Categorias_GTM": "Fatiado e Bola, Frigorífico, Queijo, Categoria Referência SFCC, Poupe Este Fim De Semana",
        "Data_Coleta": "2025-06-01 01:39:11"
    },
    {
        "ID_Produto": "839262",
        "Categoria_Scraping": "promocoes",
        "Nome": "Toalhitas Azul",
        "Marca": "Dodot",
        "Preco": 5.79,
        "Unidade_Info": "384 Un | 0,02 €/Un",
        "Categorias_GTM": "Poupe Esta Semana, Promoções, Infantil, Toalhitas, Categoria Referência SFCC",
        "Data_Coleta": "2025-06-01 01:39:11"
    },
    {
        "ID_Produto": "646428",
        "Categoria_Scraping": "promocoes",
        "Nome": "Salsicha Fresca de Porco",
        "Marca": "Nosso Talho",
        "Preco": 5.39,
        "Unidade_Info": "0.11 Kg",
        "Categorias_GTM": "Categoria Referência SFCC, Porco, Talho, Poupe Este Fim De Semana, Promoções",
        "Data_Coleta": "2025-06-01 01:39:11"
    },
    {
        "ID_Produto": "833698",
        "Categoria_Scraping": "promocoes",
        "Nome": "Bolachas Belgas",
        "Marca": "Saborosa",
        "Preco": 1.59,
        "Unidade_Info": "0.22 Kg | 7,23 €/Kg",
        "Categorias_GTM": "Categoria Referência SFCC, Bolachas, Maria, Manteiga e Clássicas, Mercearia, Poupe Esta Semana",
        "Data_Coleta": "2025-06-01 01:39:11"
    },
    {
        "ID_Produto": "746255",
        "Categoria_Scraping": "promocoes",
        "Nome": "Cuecas Incontinência Tamanho Médio",
        "Marca": "Tena",
        "Preco": 11.24,
        "Unidade_Info": "14 Un | 0,8 €/Un",
        "Categorias_GTM": "Categoria Referência SFCC, Fraldas e Cuecas, Higiene Pessoal e Beleza, Incontinência, Poupe Esta Semana",
        "Data_Coleta": "2025-06-01 01:39:11"
    },
    {
        "ID_Produto": "914810",
        "Categoria_Scraping": "promocoes",
        "Nome": "Atum em Azeite",
        "Marca": "Ramirez",
        "Preco": 1.49,
        "Unidade_Info": "0.086 Kg | 17,33 €/Kg",
        "Categorias_GTM": "Atum, Conservas, Mercearia, Poupe Esta Semana, Promoções",
        "Data_Coleta": "2025-06-01 01:39:11"
    },
    {
        "ID_Produto": "830748",
        "Categoria_Scraping": "promocoes",
        "Nome": "Granola de Aveia com Mel",
        "Marca": "Fitness",
        "Preco": 3.29,
        "Unidade_Info": "0.3 Kg | 10,97 €/Kg",
        "Categorias_GTM": "Cereais e Barras, Mercearia, Muesli e Granola, Poupe Esta Semana, Promoções",
        "Data_Coleta": "2025-06-01 01:39:18"
    },
    {
        "ID_Produto": "945747",
        "Categoria_Scraping": "promocoes",
        "Nome": "Queijo Fresco Cottage",
        "Marca": "Matinal",
        "Preco": 1.69,
        "Unidade_Info": "0.18 Kg | 9,39 €/Kg",
        "Categorias_GTM": "Para Barrar, Frigorífico, Queijo, Categoria Referência SFCC, Poupe Esta Semana",
        "Data_Coleta": "2025-06-01 01:39:18"
    },
    {
        "ID_Produto": "938414",
        "Categoria_Scraping": "promocoes",
        "Nome": "Vinho Tinto Alentejo Fita Preta",
        "Marca": "Fita Preta",
        "Preco": 6.99,
        "Unidade_Info": "0.75 L | 9,32 €/L",
        "Categorias_GTM": "Categoria Referência SFCC, Promoções, Bebidas, Alentejo, Vinho Tinto",
        "Data_Coleta": "2025-06-01 01:39:18"
    },
    {
        "ID_Produto": "887289",
        "Categoria_Scraping": "promocoes",
        "Nome": "Refrigerante com Gás Lima Limão Zero Açúcar",
        "Marca": "Seven Up",
        "Preco": 1.69,
        "Unidade_Info": "1.75 L | 0,97 €/L",
        "Categorias_GTM": "Bebidas, Refrigerantes com Gás, Refrigerantes, Categoria Referência SFCC, Poupe Esta Semana",
        "Data_Coleta": "2025-06-01 01:39:18"
    },
    {
        "ID_Produto": "849156",
        "Categoria_Scraping": "promocoes",
        "Nome": "Vinho Tinto Península de Setúbal Vinha do Torrão Reserva",
        "Marca": "Vinha do Torrão",
        "Preco": 3.99,
        "Unidade_Info": "0.75 L | 5,32 €/L",
        "Categorias_GTM": "Categoria Referência SFCC, Poupe Esta Semana, Promoções, Bebidas, Setúbal",
        "Data_Coleta": "2025-06-01 01:39:18"
    },
    {
        "ID_Produto": "984330",
        "Categoria_Scraping": "promocoes",
        "Nome": "Champô Pro-V Active Nutri-Plex Repara e Protege",
        "Marca": "Pantene",
        "Preco": 9.44,
        "Unidade_Info": "0.8 L | 11,8 €/L",
        "Categorias_GTM": "Cabelo, Champô, Higiene Pessoal e Beleza, Promoções, Poupe Esta Semana",
        "Data_Coleta": "2025-06-01 01:39:18"
    },
    {
        "ID_Produto": "506279",
        "Categoria_Scraping": "promocoes",
        "Nome": "Abrasivo Spray Sanitário Cleanboost",
        "Marca": "Cif",
        "Preco": 2.69,
        "Unidade_Info": "0.75 L | 3,59 €/L",
        "Categorias_GTM": "Promoções, Categoria Referência SFCC, Abrasivos, Casa, Limpeza da Casa",
        "Data_Coleta": "2025-06-01 01:39:18"
    },
    {
        "ID_Produto": "955256",
        "Categoria_Scraping": "promocoes",
        "Nome": "Queijo Mozzarella Ralado",
        "Marca": "Campainha",
        "Preco": 1.59,
        "Unidade_Info": "0.15 Kg | 10,6 €/Kg",
        "Categorias_GTM": "Poupe Esta Semana, Promoções, Categoria Referência SFCC, Frigorífico, Queijo",
        "Data_Coleta": "2025-06-01 01:39:18"
    },
    {
        "ID_Produto": "46421",
        "Categoria_Scraping": "promocoes",
        "Nome": "Nabos sem Rama",
        "Marca": "Nossa Fruta e Legumes",
        "Preco": 1.79,
        "Unidade_Info": "0.31 Kg",
        "Categorias_GTM": "Categoria Referência SFCC, Frutas e Vegetais, Vegetais, Poupe Este Fim De Semana, Poupe Esta Semana",
        "Data_Coleta": "2025-06-01 01:39:18"
    },
    {
        "ID_Produto": "62720",
        "Categoria_Scraping": "promocoes",
        "Nome": "Vinho Branco Alentejo Esporão Reserva",
        "Marca": "Esporão",
        "Preco": 13.99,
        "Unidade_Info": "0.75 L | 18,65 €/L",
        "Categorias_GTM": "Alentejo, Bebidas, Vinho Branco, Categoria Referência SFCC, Poupe Este Fim De Semana",
        "Data_Coleta": "2025-06-01 01:39:18"
    },
    {
        "ID_Produto": "937120",
        "Categoria_Scraping": "promocoes",
        "Nome": "Champô Ultra Suave Camomila",
        "Marca": "Ultra Suave",
        "Preco": 3.79,
        "Unidade_Info": "0.4 L | 9,48 €/L",
        "Categorias_GTM": "Cabelo, Champô, Higiene Pessoal e Beleza, Promoções, Poupe Esta Semana",
        "Data_Coleta": "2025-06-01 01:39:18"
    },
    {
        "ID_Produto": "979619",
        "Categoria_Scraping": "promocoes",
        "Nome": "Resguardo Bebé 60x60cm",
        "Marca": "Cuida Bebé",
        "Preco": 4.99,
        "Unidade_Info": "20 Un | 0,25 €/Un",
        "Categorias_GTM": "As Nossas Marcas, Cuida Bebé, Fraldas, Infantil, Poupe Este Fim De Semana",
        "Data_Coleta": "2025-06-01 01:39:18"
    },
    {
        "ID_Produto": "969509",
        "Categoria_Scraping": "promocoes",
        "Nome": "Toalhitas Bebé 99% Água e Biodegradáveis",
        "Marca": "Cuida Bebé",
        "Preco": 3.49,
        "Unidade_Info": "192 Un | 0,02 €/Un",
        "Categorias_GTM": "As Nossas Marcas, Cuida Bebé, Poupe Esta Semana, Promoções, Infantil",
        "Data_Coleta": "2025-06-01 01:39:25"
    },
    {
        "ID_Produto": "847560",
        "Categoria_Scraping": "promocoes",
        "Nome": "Pão de Forma sem Côdea",
        "Marca": "Bimbo",
        "Preco": 2.14,
        "Unidade_Info": "0.65 Kg | 3,29 €/Kg",
        "Categorias_GTM": "Categoria Referência SFCC, Mercearia, Pão e Bolos Embalados, Poupe Este Fim De Semana, Poupe Esta Semana",
        "Data_Coleta": "2025-06-01 01:39:25"
    },
    {
        "ID_Produto": "30825",
        "Categoria_Scraping": "promocoes",
        "Nome": "Maçã Golden",
        "Marca": "Nossa Fruta e Legumes",
        "Preco": 1.49,
        "Unidade_Info": "0.18 Kg",
        "Categorias_GTM": "Frutas e Vegetais, Frutas, Categoria Referência SFCC, Poupe Esta Semana, Promoções",
        "Data_Coleta": "2025-06-01 01:39:25"
    },
    {
        "ID_Produto": "984804",
        "Categoria_Scraping": "promocoes",
        "Nome": "Fraldas Bebé Rascals & Friends 10-15kg T4",
        "Marca": "Rascal & Friends",
        "Preco": 5.99,
        "Unidade_Info": "30 Un | 0,2 €/Un",
        "Categorias_GTM": "Fraldas, Infantil, Categoria Referência SFCC, Poupe Esta Semana, Promoções",
        "Data_Coleta": "2025-06-01 01:39:25"
    },
    {
        "ID_Produto": "44085",
        "Categoria_Scraping": "promocoes",
        "Nome": "Lombo de Atum Descongelado",
        "Marca": "Nossa Peixaria",
        "Preco": 11.99,
        "Unidade_Info": "0.33 Kg",
        "Categorias_GTM": "Peixaria, Peixe, Categoria Referência SFCC, Poupe Este Fim De Semana, Promoções",
        "Data_Coleta": "2025-06-01 01:39:25"
    },
    {
        "ID_Produto": "949754",
        "Categoria_Scraping": "promocoes",
        "Nome": "Papa Não Láctea Trigo",
        "Marca": "Cerelac",
        "Preco": 4.29,
        "Unidade_Info": "0.6 Kg | 7,15 €/Kg",
        "Categorias_GTM": "Categoria Referência SFCC, Alimentação, Infantil, Papas, Poupe Este Fim De Semana",
        "Data_Coleta": "2025-06-01 01:39:25"
    },
    {
        "ID_Produto": "965894",
        "Categoria_Scraping": "promocoes",
        "Nome": "Fraldas Pants Activity Extra 12-17kg T5",
        "Marca": "Dodot",
        "Preco": 11.94,
        "Unidade_Info": "38 Un | 0,31 €/Un",
        "Categorias_GTM": "Fraldas, Infantil, Poupe Esta Semana, Promoções, Categoria Referência SFCC",
        "Data_Coleta": "2025-06-01 01:39:25"
    },
    {
        "ID_Produto": "926595",
        "Categoria_Scraping": "promocoes",
        "Nome": "Néctar Tutti Frutti Pack 6",
        "Marca": "Compal Clássico",
        "Preco": 2.29,
        "Unidade_Info": "1.2 L | 1,91 €/L",
        "Categorias_GTM": "Bebidas, Sumos e Néctares, Poupe Esta Semana, Categoria Referência SFCC, Promoções",
        "Data_Coleta": "2025-06-01 01:39:25"
    },
    {
        "ID_Produto": "101673",
        "Categoria_Scraping": "promocoes",
        "Nome": "Óleo Alimentar",
        "Marca": "Fula",
        "Preco": 5.49,
        "Unidade_Info": "3 L | 1,83 €/L",
        "Categorias_GTM": "Azeite, Óleo e Vinagre, Mercearia, Óleo, Categoria Referência SFCC, Poupe Este Fim De Semana",
        "Data_Coleta": "2025-06-01 01:39:25"
    },
    {
        "ID_Produto": "383382",
        "Categoria_Scraping": "promocoes",
        "Nome": "Água com Gás Limão Pack 4",
        "Marca": "Frize",
        "Preco": 2.09,
        "Unidade_Info": "4 x0.25 L | 2,09 €/L",
        "Categorias_GTM": "Água, Água com Gás, Bebidas, Poupe Esta Semana, Promoções",
        "Data_Coleta": "2025-06-01 01:39:25"
    },
    {
        "ID_Produto": "470837",
        "Categoria_Scraping": "promocoes",
        "Nome": "Barras de Cereais com Chocolate",
        "Marca": "Fitness",
        "Preco": 2.39,
        "Unidade_Info": "0.141 Kg | 16,95 €/Kg",
        "Categorias_GTM": "Categoria Referência SFCC, Barras de Cereais e Snacks, Cereais e Barras, Mercearia, Poupe Este Fim De Semana",
        "Data_Coleta": "2025-06-01 01:39:25"
    },
    {
        "ID_Produto": "942055",
        "Categoria_Scraping": "promocoes",
        "Nome": "Queijo Curado Fatiado",
        "Marca": "Milhafre",
        "Preco": 2.19,
        "Unidade_Info": "0.2 Kg | 10,95 €/Kg",
        "Categorias_GTM": "Categoria Referência SFCC, Fatiado e Bola, Frigorífico, Queijo, Poupe Este Fim De Semana",
        "Data_Coleta": "2025-06-01 01:39:25"
    },
    {
        "ID_Produto": "829087",
        "Categoria_Scraping": "promocoes",
        "Nome": "Bloco Sanitário Poder Ativo Lavanda",
        "Marca": "Bref Sonasol",
        "Preco": 2.99,
        "Unidade_Info": "1 Un | 2,99 €/Un",
        "Categorias_GTM": "Promoções, Categoria Referência SFCC, Blocos Sanitários, Casa, Limpeza da Casa",
        "Data_Coleta": "2025-06-01 01:39:32"
    },
    {
        "ID_Produto": "855243",
        "Categoria_Scraping": "promocoes",
        "Nome": "Café Moído Moagem Universal Cuba",
        "Marca": "Delta",
        "Preco": 3.69,
        "Unidade_Info": "0.22 Kg | 16,77 €/Kg",
        "Categorias_GTM": "Poupe Esta Semana, Café, Chá e Bebidas Quentes, Café Moído e Grão, Mercearia, Promoções",
        "Data_Coleta": "2025-06-01 01:39:32"
    },
    {
        "ID_Produto": "952448",
        "Categoria_Scraping": "promocoes",
        "Nome": "Detergente Loiça Manual Ultra Original",
        "Marca": "Fairy",
        "Preco": 4.99,
        "Unidade_Info": "1.25 L | 3,99 €/L",
        "Categorias_GTM": "Casa, Detergente Manual, Loiça, Categoria Referência SFCC, Poupe Esta Semana",
        "Data_Coleta": "2025-06-01 01:39:32"
    },
    {
        "ID_Produto": "881477",
        "Categoria_Scraping": "promocoes",
        "Nome": "Pão de Forma Integral com Côdea",
        "Marca": "Bimbo",
        "Preco": 1.89,
        "Unidade_Info": "0.48 Kg | 3,94 €/Kg",
        "Categorias_GTM": "Mercearia, Pão e Bolos Embalados, Promoções, Poupe Esta Semana, Categoria Referência SFCC",
        "Data_Coleta": "2025-06-01 01:39:32"
    },
    {
        "ID_Produto": "891364",
        "Categoria_Scraping": "promocoes",
        "Nome": "Pão de Leite",
        "Marca": "Dulca",
        "Preco": 1.49,
        "Unidade_Info": "0.275 Kg | 5,42 €/Kg",
        "Categorias_GTM": "Categoria Referência SFCC, Bolos e Tortas, Mercearia, Pão e Bolos Embalados, Poupe Esta Semana",
        "Data_Coleta": "2025-06-01 01:39:32"
    },
    {
        "ID_Produto": "859759",
        "Categoria_Scraping": "promocoes",
        "Nome": "Champô Cuidado Clássico",
        "Marca": "Tresemme",
        "Preco": 5.99,
        "Unidade_Info": "0.9 L | 6,66 €/L",
        "Categorias_GTM": "Cabelo, Champô, Higiene Pessoal e Beleza, Promoções, Poupe Esta Semana",
        "Data_Coleta": "2025-06-01 01:39:32"
    },
    {
        "ID_Produto": "746880",
        "Categoria_Scraping": "promocoes",
        "Nome": "Tisana Chá Verde e Limão Light",
        "Marca": "Pleno",
        "Preco": 1.59,
        "Unidade_Info": "1.5 L | 1,06 €/L",
        "Categorias_GTM": "Categoria Referência SFCC, Água, Aromatizada e Tisanas, Bebidas, Poupe Esta Semana",
        "Data_Coleta": "2025-06-01 01:39:32"
    },
    {
        "ID_Produto": "821328",
        "Categoria_Scraping": "promocoes",
        "Nome": "Crocantes de Frango com Parmesão e Ervas Congelados",
        "Marca": "Iglo",
        "Preco": 3.74,
        "Unidade_Info": "0.18 Kg | 20,78 €/Kg",
        "Categorias_GTM": "Promoções, Poupe Esta Semana, Congelados, Barrinhas, Nuggets e Panados, Refeições",
        "Data_Coleta": "2025-06-01 01:39:32"
    },
    {
        "ID_Produto": "748058",
        "Categoria_Scraping": "promocoes",
        "Nome": "Café Moído Moagem Universal Brasil",
        "Marca": "Delta",
        "Preco": 3.69,
        "Unidade_Info": "0.22 Kg | 16,77 €/Kg",
        "Categorias_GTM": "Categoria Referência SFCC, Café, Chá e Bebidas Quentes, Café Moído e Grão, Mercearia, Poupe Este Fim De Semana",
        "Data_Coleta": "2025-06-01 01:39:32"
    },
    {
        "ID_Produto": "701345",
        "Categoria_Scraping": "promocoes",
        "Nome": "Bloco Sanitário Discos Ativos Recargas Lima Recarga",
        "Marca": "Pato",
        "Preco": 3.49,
        "Unidade_Info": "2 Un | 1,75 €/Un",
        "Categorias_GTM": "Poupe Esta Semana, Categoria Referência SFCC, Promoções, Blocos Sanitários, Casa",
        "Data_Coleta": "2025-06-01 01:39:32"
    },
    {
        "ID_Produto": "831986",
        "Categoria_Scraping": "promocoes",
        "Nome": "Vinho Tinto Alentejo Conde de Arraiolos Premium",
        "Marca": "Conde de Arraiolos",
        "Preco": 2.99,
        "Unidade_Info": "0.75 L | 3,99 €/L",
        "Categorias_GTM": "Promoções, Categoria Referência SFCC, Bebidas, Alentejo, Vinho Tinto",
        "Data_Coleta": "2025-06-01 01:39:32"
    },
    {
        "ID_Produto": "847454",
        "Categoria_Scraping": "promocoes",
        "Nome": "Leite UHT Magro Selecionado Leve",
        "Marca": "Matinal",
        "Preco": 1.1,
        "Unidade_Info": "1 L | 1,1 €/L",
        "Categorias_GTM": "Categoria Referência SFCC, Leite Magro, Leite, Natas e Ovos, Poupe Esta Semana, Promoções",
        "Data_Coleta": "2025-06-01 01:39:32"
    },
    {
        "ID_Produto": "891785",
        "Categoria_Scraping": "promocoes",
        "Nome": "Postas de Pescada do Chile para Cozer Congelada",
        "Marca": "Nossa Peixaria",
        "Preco": 6.99,
        "Unidade_Info": "0.7 Kg | 9,99 €/Kg",
        "Categorias_GTM": "Congelados, Peixe, Peixe, Categoria Referência SFCC, Poupe Esta Semana",
        "Data_Coleta": "2025-06-01 01:39:39"
    },
    {
        "ID_Produto": "306413",
        "Categoria_Scraping": "promocoes",
        "Nome": "Filetes de Pescada Panados com Limão Congelados",
        "Marca": "Pescanova",
        "Preco": 4.99,
        "Unidade_Info": "0.4 Kg | 12,48 €/Kg",
        "Categorias_GTM": "Promoções, Congelados, Barrinhas, Nuggets e Panados, Refeições, Poupe Esta Semana",
        "Data_Coleta": "2025-06-01 01:39:39"
    },
    {
        "ID_Produto": "965911",
        "Categoria_Scraping": "promocoes",
        "Nome": "Fraldas Sensitive 2-5kg T1",
        "Marca": "Dodot",
        "Preco": 15.74,
        "Unidade_Info": "84 Un | 0,19 €/Un",
        "Categorias_GTM": "Infantil, Fraldas, Promoções, Poupe Esta Semana, Categoria Referência SFCC",
        "Data_Coleta": "2025-06-01 01:39:39"
    },
    {
        "ID_Produto": "531030",
        "Categoria_Scraping": "promocoes",
        "Nome": "Água sem Gás Pack 4",
        "Marca": "Fastio",
        "Preco": 2.19,
        "Unidade_Info": "4 x1.5 L | 0,37 €/L",
        "Categorias_GTM": "Categoria Referência SFCC, Poupe Esta Semana, Promoções, Água, Água sem Gás",
        "Data_Coleta": "2025-06-01 01:39:39"
    },
    {
        "ID_Produto": "886107",
        "Categoria_Scraping": "promocoes",
        "Nome": "Percebes Frescas",
        "Marca": "Nossa Peixaria",
        "Preco": 11.99,
        "Unidade_Info": "0.5 Kg | 23,98 €/Kg",
        "Categorias_GTM": "Marisco, Peixaria, Categoria Referência SFCC, Poupe Este Fim De Semana, Promoções",
        "Data_Coleta": "2025-06-01 01:39:39"
    },
    {
        "ID_Produto": "940205",
        "Categoria_Scraping": "promocoes",
        "Nome": "Sidra sem Álcool Pera Pack 6",
        "Marca": "Somersby",
        "Preco": 4.49,
        "Unidade_Info": "6 x0.2 L | 3,74 €/L",
        "Categorias_GTM": "Categoria Referência SFCC, Bebidas, Sidra, Promoções, Poupe Esta Semana",
        "Data_Coleta": "2025-06-01 01:39:39"
    },
    {
        "ID_Produto": "497471",
        "Categoria_Scraping": "promocoes",
        "Nome": "Pizza Pepperoni e Salame",
        "Marca": "Casa di Mama",
        "Preco": 3.69,
        "Unidade_Info": "0.32 Kg | 11,53 €/Kg",
        "Categorias_GTM": "Categoria Referência SFCC, Congelados, Pizza, Refeições, Poupe Esta Semana",
        "Data_Coleta": "2025-06-01 01:39:39"
    },
    {
        "ID_Produto": "253998",
        "Categoria_Scraping": "promocoes",
        "Nome": "Preparado de Carne Picada de Vitela",
        "Marca": "Nosso Talho",
        "Preco": 8.98,
        "Unidade_Info": "0.5 Kg",
        "Categorias_GTM": "Promoções, Poupe Esta Semana, Bovino, Novilho e Vitelão, Talho, Categoria Referência SFCC",
        "Data_Coleta": "2025-06-01 01:39:39"
    },
    {
        "ID_Produto": "920572",
        "Categoria_Scraping": "promocoes",
        "Nome": "Bolachas Cracker com Sal na Superfície",
        "Marca": "Gran Pavesi",
        "Preco": 2.99,
        "Unidade_Info": "0.56 Kg | 5,34 €/Kg",
        "Categorias_GTM": "Categoria Referência SFCC, Bolachas, Mercearia, Salgadas, Poupe Este Fim De Semana",
        "Data_Coleta": "2025-06-01 01:39:39"
    },
    {
        "ID_Produto": "952757",
        "Categoria_Scraping": "promocoes",
        "Nome": "Caprichos do Mar sem Glúten Congelados",
        "Marca": "Pescanova",
        "Preco": 7.89,
        "Unidade_Info": "1 Kg | 7,89 €/Kg",
        "Categorias_GTM": "Promoções, Categoria Referência SFCC, Congelados, Refeições, Barrinhas, Nuggets e Panados",
        "Data_Coleta": "2025-06-01 01:39:39"
    },
    {
        "ID_Produto": "908896",
        "Categoria_Scraping": "promocoes",
        "Nome": "Fraldas Activity XXL T5",
        "Marca": "Dodot",
        "Preco": 34.99,
        "Unidade_Info": "126 Un | 0,28 €/Un",
        "Categorias_GTM": "Fraldas, Infantil, Poupe Esta Semana, Promoções, Categoria Referência SFCC",
        "Data_Coleta": "2025-06-01 01:39:39"
    },
    {
        "ID_Produto": "41045",
        "Categoria_Scraping": "promocoes",
        "Nome": "Leite UHT Achocolatado Pack 6",
        "Marca": "Ucal",
        "Preco": 4.59,
        "Unidade_Info": "6 x0.25 L | 3,06 €/L",
        "Categorias_GTM": "Leite Aromatizado, Leite, Natas e Ovos, Categoria Referência SFCC, Poupe Este Fim De Semana, Poupe Esta Semana",
        "Data_Coleta": "2025-06-01 01:39:39"
    },
    {
        "ID_Produto": "282016",
        "Categoria_Scraping": "promocoes",
        "Nome": "Bife da Vazia de Bovino AM/NZ/AU",
        "Marca": "Nosso Talho",
        "Preco": 14.98,
        "Unidade_Info": "0.3 Kg",
        "Categorias_GTM": "Bovino, Novilho e Vitelão, Talho, Categoria Referência SFCC, Poupe Este Fim De Semana, Poupe Esta Semana",
        "Data_Coleta": "2025-06-01 01:39:46"
    },
    {
        "ID_Produto": "912852",
        "Categoria_Scraping": "promocoes",
        "Nome": "Vinho Tinto Douro Quinta da Pacheca Reserva",
        "Marca": "Quinta da Pacheca",
        "Preco": 6.99,
        "Unidade_Info": "0.75 L | 9,32 €/L",
        "Categorias_GTM": "Bebidas, Douro, Vinho Tinto, Promoções, Categoria Referência SFCC",
        "Data_Coleta": "2025-06-01 01:39:46"
    },
    {
        "ID_Produto": "822673",
        "Categoria_Scraping": "promocoes",
        "Nome": "Detergente em Gel Máquina Loiça Power All in 1 Limão",
        "Marca": "Finish",
        "Preco": 9.49,
        "Unidade_Info": "50 Dos | 0,19 €/Dos",
        "Categorias_GTM": "Poupe Esta Semana, Casa, Detergente Máquina, Loiça, Categoria Referência SFCC",
        "Data_Coleta": "2025-06-01 01:39:46"
    },
    {
        "ID_Produto": "14765",
        "Categoria_Scraping": "promocoes",
        "Nome": "Vinho Tinto Alentejo Monte Velho",
        "Marca": "Monte Velho",
        "Preco": 3.99,
        "Unidade_Info": "0.75 L | 5,32 €/L",
        "Categorias_GTM": "Promoções, Bebidas, Alentejo, Vinho Tinto, Poupe Esta Semana",
        "Data_Coleta": "2025-06-01 01:39:46"
    },
    {
        "ID_Produto": "984875",
        "Categoria_Scraping": "promocoes",
        "Nome": "Fraldas Rascal & Friends 4-8kg T2",
        "Marca": "Rascal & Friends",
        "Preco": 5.99,
        "Unidade_Info": "40 Un | 0,15 €/Un",
        "Categorias_GTM": "Fraldas, Infantil, Categoria Referência SFCC, Poupe Esta Semana, Promoções",
        "Data_Coleta": "2025-06-01 01:39:46"
    },
    {
        "ID_Produto": "250175",
        "Categoria_Scraping": "promocoes",
        "Nome": "Entrecosto de Porco para Grelhar",
        "Marca": "Nosso Talho",
        "Preco": 4.79,
        "Unidade_Info": "1.6 Kg",
        "Categorias_GTM": "Porco, Talho, Categoria Referência SFCC, Poupe Este Fim De Semana, Poupe Esta Semana",
        "Data_Coleta": "2025-06-01 01:39:46"
    },
    {
        "ID_Produto": "767327",
        "Categoria_Scraping": "promocoes",
        "Nome": "Ervilhas Congeladas",
        "Marca": "Iglo",
        "Preco": 3.39,
        "Unidade_Info": "0.7 Kg | 4,84 €/Kg",
        "Categorias_GTM": "Categoria Referência SFCC, Congelados, Frutas e Vegetais, Vegetais, Poupe Esta Semana",
        "Data_Coleta": "2025-06-01 01:39:46"
    },
    {
        "ID_Produto": "748681",
        "Categoria_Scraping": "promocoes",
        "Nome": "Queijo Fundido Palitos",
        "Marca": "A Vaca que ri",
        "Preco": 1.99,
        "Unidade_Info": "0.14 Kg | 14,21 €/Kg",
        "Categorias_GTM": "Categoria Referência SFCC, Poupe Esta Semana, Frigorífico, Queijo, Snacks de Queijo",
        "Data_Coleta": "2025-06-01 01:39:46"
    },
    {
        "ID_Produto": "42856",
        "Categoria_Scraping": "promocoes",
        "Nome": "Feijão Verde",
        "Marca": "Nossa Fruta e Legumes",
        "Preco": 2.99,
        "Unidade_Info": "0.25 Kg",
        "Categorias_GTM": "Frutas e Vegetais, Vegetais, Categoria Referência SFCC, Poupe Esta Semana, Promoções",
        "Data_Coleta": "2025-06-01 01:39:46"
    },
    {
        "ID_Produto": "499052",
        "Categoria_Scraping": "promocoes",
        "Nome": "Pão de Centeio",
        "Marca": "Nossa Padaria",
        "Preco": 1.59,
        "Unidade_Info": "0.45 Kg | 3,53 €/Kg",
        "Categorias_GTM": "Pão Embalado, Categoria Referência SFCC, Padaria e Pastelaria, Poupe Este Fim De Semana, Poupe Esta Semana",
        "Data_Coleta": "2025-06-01 01:39:46"
    },
    {
        "ID_Produto": "633777",
        "Categoria_Scraping": "promocoes",
        "Nome": "Água sem Gás Family",
        "Marca": "Fastio",
        "Preco": 1.09,
        "Unidade_Info": "2.5 L | 0,44 €/L",
        "Categorias_GTM": "Categoria Referência SFCC, Água, Água sem Gás, Bebidas, Poupe Esta Semana",
        "Data_Coleta": "2025-06-01 01:39:46"
    },
    {
        "ID_Produto": "921603",
        "Categoria_Scraping": "promocoes",
        "Nome": "Vinho Tinto Península de Setúbal Vinha do Torrão Grande Escolha",
        "Marca": "Vinha do Torrão",
        "Preco": 4.99,
        "Unidade_Info": "0.75 L | 6,65 €/L",
        "Categorias_GTM": "Promoções, Bebidas, Setúbal, Vinho Tinto, Poupe Esta Semana",
        "Data_Coleta": "2025-06-01 01:39:46"
    },
    {
        "ID_Produto": "229460",
        "Categoria_Scraping": "promocoes",
        "Nome": "Natas UHT para Culinária",
        "Marca": "Parmalat",
        "Preco": 0.91,
        "Unidade_Info": "0.2 L | 4,55 €/L",
        "Categorias_GTM": "Leite, Natas e Ovos, Natas, Béchamel e Chantilly, Categoria Referência SFCC, Poupe Este Fim De Semana, Poupe Esta Semana",
        "Data_Coleta": "2025-06-01 01:39:53"
    },
    {
        "ID_Produto": "908620",
        "Categoria_Scraping": "promocoes",
        "Nome": "Café Solúvel Gold",
        "Marca": "Nescafé",
        "Preco": 9.79,
        "Unidade_Info": "0.2 Kg | 48,95 €/Kg",
        "Categorias_GTM": "Café, Chá e Bebidas Quentes, Café Solúvel e Descafeinado, Mercearia, Categoria Referência SFCC, Poupe Esta Semana",
        "Data_Coleta": "2025-06-01 01:39:53"
    },
    {
        "ID_Produto": "980558",
        "Categoria_Scraping": "promocoes",
        "Nome": "Fraldas Sensitive 9-14kg T4",
        "Marca": "Dodot",
        "Preco": 16.49,
        "Unidade_Info": "48 Un | 0,34 €/Un",
        "Categorias_GTM": "Promoções, Fraldas, Infantil, Poupe Esta Semana, Categoria Referência SFCC",
        "Data_Coleta": "2025-06-01 01:39:53"
    },
    {
        "ID_Produto": "703175",
        "Categoria_Scraping": "promocoes",
        "Nome": "Fiambre Peito de Peru Fatiado ao Balcão",
        "Marca": "Primor",
        "Preco": 11.69,
        "Unidade_Info": "0.2 Kg",
        "Categorias_GTM": "Categoria Referência SFCC, Charcutaria, Fiambre e Mortadela, Poupe Esta Semana, Promoções",
        "Data_Coleta": "2025-06-01 01:39:53"
    },
    {
        "ID_Produto": "451249",
        "Categoria_Scraping": "promocoes",
        "Nome": "Perca do Nilo Fresca",
        "Marca": "Nossa Peixaria",
        "Preco": 9.99,
        "Unidade_Info": "0.3 Kg",
        "Categorias_GTM": "Categoria Referência SFCC, Peixaria, Peixe, Poupe Este Fim De Semana, Promoções",
        "Data_Coleta": "2025-06-01 01:39:53"
    },
    {
        "ID_Produto": "777269",
        "Categoria_Scraping": "promocoes",
        "Nome": "Pão de Forma com Côdea Familiar",
        "Marca": "Bimbo",
        "Preco": 1.99,
        "Unidade_Info": "0.7 Kg | 2,84 €/Kg",
        "Categorias_GTM": "Promoções, Poupe Esta Semana, Categoria Referência SFCC, Poupe Este Fim De Semana, Pão e Bolos Embalados",
        "Data_Coleta": "2025-06-01 01:39:53"
    },
    {
        "ID_Produto": "936363",
        "Categoria_Scraping": "promocoes",
        "Nome": "Leite UHT Magro Pastagem Açores",
        "Marca": "Milhafre",
        "Preco": 0.89,
        "Unidade_Info": "1 L | 0,89 €/L",
        "Categorias_GTM": "Leite Magro, Leite, Natas e Ovos, Promoções, Poupe Esta Semana, Categoria Referência SFCC",
        "Data_Coleta": "2025-06-01 01:39:53"
    },
    {
        "ID_Produto": "729230",
        "Categoria_Scraping": "promocoes",
        "Nome": "Bolachas de Chocolate com Recheio de Creme",
        "Marca": "Oreo",
        "Preco": 2.99,
        "Unidade_Info": "0.44 Kg | 6,8 €/Kg",
        "Categorias_GTM": "Categoria Referência SFCC, Bolachas, Mercearia, Pepitas, Cobertas e Recheadas, Poupe Este Fim De Semana",
        "Data_Coleta": "2025-06-01 01:39:53"
    },
    {
        "ID_Produto": "748455",
        "Categoria_Scraping": "promocoes",
        "Nome": "Café Moído Torrado Universal Angola",
        "Marca": "Delta",
        "Preco": 3.69,
        "Unidade_Info": "0.22 Kg | 16,77 €/Kg",
        "Categorias_GTM": "Café, Chá e Bebidas Quentes, Café Moído e Grão, Mercearia, Categoria Referência SFCC, Poupe Este Fim De Semana",
        "Data_Coleta": "2025-06-01 01:39:53"
    },
    {
        "ID_Produto": "443505",
        "Categoria_Scraping": "promocoes",
        "Nome": "Arroz Carolino",
        "Marca": "Bom Sucesso",
        "Preco": 1.24,
        "Unidade_Info": "1 Kg | 1,24 €/Kg",
        "Categorias_GTM": "Arroz, Arroz e Massa, Mercearia, Categoria Referência SFCC, Poupe Este Fim De Semana",
        "Data_Coleta": "2025-06-01 01:39:53"
    },
    {
        "ID_Produto": "662821",
        "Categoria_Scraping": "promocoes",
        "Nome": "Massa Espirais",
        "Marca": "Milaneza",
        "Preco": 1.04,
        "Unidade_Info": "0.5 Kg | 2,08 €/Kg",
        "Categorias_GTM": "Poupe Esta Semana, Categoria Referência SFCC, Promoções, Arroz e Massa, Massa",
        "Data_Coleta": "2025-06-01 01:39:53"
    },
    {
        "ID_Produto": "851433",
        "Categoria_Scraping": "promocoes",
        "Nome": "Toalhitas Anti-Transferência de Cor",
        "Marca": "Vanish",
        "Preco": 5.99,
        "Unidade_Info": "32 Un | 0,19 €/Un",
        "Categorias_GTM": "Poupe Esta Semana, Amaciador, Casa, Roupa, Categoria Referência SFCC",
        "Data_Coleta": "2025-06-01 01:39:53"
    },
    {
        "ID_Produto": "855383",
        "Categoria_Scraping": "promocoes",
        "Nome": "Creme Vegetal para Barrar Sabor a Manteiga",
        "Marca": "Becel",
        "Preco": 3.56,
        "Unidade_Info": "0.45 Kg | 7,91 €/Kg",
        "Categorias_GTM": "Poupe Esta Semana, Promoções, Frigorífico, Manteigas e Cremes para Barrar, Categoria Referência SFCC",
        "Data_Coleta": "2025-06-01 01:40:01"
    },
    {
        "ID_Produto": "8813",
        "Categoria_Scraping": "promocoes",
        "Nome": "Gin Beefeater",
        "Marca": "Beefeater",
        "Preco": 15.79,
        "Unidade_Info": "0.7 L | 22,56 €/L",
        "Categorias_GTM": "Bebidas, Vodka e Gin, Whisky e Espirituosas, Categoria Referência SFCC, Poupe Esta Semana",
        "Data_Coleta": "2025-06-01 01:40:01"
    },
    {
        "ID_Produto": "815887",
        "Categoria_Scraping": "promocoes",
        "Nome": "Pasta de Dentes Multicare",
        "Marca": "Sensodyne",
        "Preco": 5.99,
        "Unidade_Info": "0.15 L | 39,93 €/L",
        "Categorias_GTM": "Poupe Esta Semana, Higiene Oral, Higiene Pessoal e Beleza, Pasta de Dentes, Promoções",
        "Data_Coleta": "2025-06-01 01:40:01"
    },
    {
        "ID_Produto": "942473",
        "Categoria_Scraping": "promocoes",
        "Nome": "Fraldas Bebé Seco Extra 10-15kg T4+",
        "Marca": "Dodot",
        "Preco": 13.49,
        "Unidade_Info": "62 Un | 0,22 €/Un",
        "Categorias_GTM": "Promoções, Fraldas, Infantil, Categoria Referência SFCC, Poupe Esta Semana",
        "Data_Coleta": "2025-06-01 01:40:01"
    },
    {
        "ID_Produto": "916278",
        "Categoria_Scraping": "promocoes",
        "Nome": "Falafel de Grão e Especiarias Congelado",
        "Marca": "Iglo Green Cuisine",
        "Preco": 4.99,
        "Unidade_Info": "0.45 Kg | 11,09 €/Kg",
        "Categorias_GTM": "Promoções, Poupe Esta Semana, Categoria Referência SFCC, Congelados, Refeições",
        "Data_Coleta": "2025-06-01 01:40:01"
    },
    {
        "ID_Produto": "575355",
        "Categoria_Scraping": "promocoes",
        "Nome": "Pasta de Dentes Max White Fresh",
        "Marca": "Colgate",
        "Preco": 1.99,
        "Unidade_Info": "0.075 L | 26,53 €/L",
        "Categorias_GTM": "Promoções, Categoria Referência SFCC, Higiene Oral, Higiene Pessoal e Beleza, Pasta de Dentes",
        "Data_Coleta": "2025-06-01 01:40:01"
    },
    {
        "ID_Produto": "909061",
        "Categoria_Scraping": "promocoes",
        "Nome": "Mel em Frasco",
        "Marca": "Favo",
        "Preco": 2.69,
        "Unidade_Info": "0.5 Kg | 5,38 €/Kg",
        "Categorias_GTM": "Compotas e Doces, Mel, Mercearia, Categoria Referência SFCC, Poupe Esta Semana",
        "Data_Coleta": "2025-06-01 01:40:01"
    },
    {
        "ID_Produto": "981336",
        "Categoria_Scraping": "promocoes",
        "Nome": "Limpa Máquinas Roupa Express",
        "Marca": "Xau",
        "Preco": 3.99,
        "Unidade_Info": "0.25 L | 15,96 €/L",
        "Categorias_GTM": "Promoções, Casa, Cuidado da Máquina, Roupa, Poupe Esta Semana",
        "Data_Coleta": "2025-06-01 01:40:01"
    },
    {
        "ID_Produto": "949299",
        "Categoria_Scraping": "promocoes",
        "Nome": "Leite Infantil em Pó 3 12 Meses",
        "Marca": "Nan",
        "Preco": 11.63,
        "Unidade_Info": "0.8 Kg | 14,54 €/Kg",
        "Categorias_GTM": "Alimentação, Infantil, Leites Infantis, Promoções, Categoria Referência SFCC",
        "Data_Coleta": "2025-06-01 01:40:01"
    },
    {
        "ID_Produto": "726418",
        "Categoria_Scraping": "promocoes",
        "Nome": "Salsichas Frankfurt Lata",
        "Marca": "Campesino",
        "Preco": 0.69,
        "Unidade_Info": "0.2 Kg | 3,45 €/Kg",
        "Categorias_GTM": "Categoria Referência SFCC, Conservas, Mercearia, Salsichas, Poupe Esta Semana",
        "Data_Coleta": "2025-06-01 01:40:01"
    },
    {
        "ID_Produto": "104671",
        "Categoria_Scraping": "promocoes",
        "Nome": "Arroz Agulha",
        "Marca": "Caçarola",
        "Preco": 1.35,
        "Unidade_Info": "1 Kg | 1,35 €/Kg",
        "Categorias_GTM": "Arroz, Arroz e Massa, Mercearia, Poupe Esta Semana, Promoções",
        "Data_Coleta": "2025-06-01 01:40:01"
    },
    {
        "ID_Produto": "734372",
        "Categoria_Scraping": "promocoes",
        "Nome": "Vinho Branco Alentejo Portal de São Braz Coleção Privada",
        "Marca": "Portal de São Braz",
        "Preco": 1.99,
        "Unidade_Info": "0.75 L | 2,65 €/L",
        "Categorias_GTM": "Categoria Referência SFCC, Alentejo, Bebidas, Vinho Branco, Poupe Esta Semana",
        "Data_Coleta": "2025-06-01 01:40:01"
    },
    {
        "ID_Produto": "802793",
        "Categoria_Scraping": "promocoes",
        "Nome": "Cuecas Incontinência Discreet Tamanho Grande",
        "Marca": "Ausonia",
        "Preco": 7.49,
        "Unidade_Info": "8 Un | 0,94 €/Un",
        "Categorias_GTM": "Fraldas e Cuecas, Higiene Pessoal e Beleza, Incontinência, Poupe Esta Semana, Promoções",
        "Data_Coleta": "2025-06-01 01:40:09"
    },
    {
        "ID_Produto": "815224",
        "Categoria_Scraping": "promocoes",
        "Nome": "Detergente Loiça Manual Ultra Limão",
        "Marca": "Fairy",
        "Preco": 2.54,
        "Unidade_Info": "0.48 L | 5,29 €/L",
        "Categorias_GTM": "Categoria Referência SFCC, Casa, Detergente Manual, Loiça, Poupe Esta Semana",
        "Data_Coleta": "2025-06-01 01:40:09"
    },
    {
        "ID_Produto": "748799",
        "Categoria_Scraping": "promocoes",
        "Nome": "Vinho Tinto Castelo de Pias",
        "Marca": "Castelo de Pias",
        "Preco": 5.99,
        "Unidade_Info": "5 L | 1,2 €/L",
        "Categorias_GTM": "Bebidas, Corrente, Vinho Tinto, Poupe Esta Semana, Categoria Referência SFCC",
        "Data_Coleta": "2025-06-01 01:40:09"
    },
    {
        "ID_Produto": "977058",
        "Categoria_Scraping": "promocoes",
        "Nome": "Filetes de Pescada Panados sem Glúten Congelados",
        "Marca": "Pescanova",
        "Preco": 8.99,
        "Unidade_Info": "1 Kg | 8,99 €/Kg",
        "Categorias_GTM": "Promoções, Poupe Esta Semana, Congelados, Barrinhas, Nuggets e Panados, Refeições",
        "Data_Coleta": "2025-06-01 01:40:09"
    },
    {
        "ID_Produto": "984020",
        "Categoria_Scraping": "promocoes",
        "Nome": "Fraldas Sensitive 4-8kg T2",
        "Marca": "Dodot",
        "Preco": 12.69,
        "Unidade_Info": "58 Un | 0,22 €/Un",
        "Categorias_GTM": "Fraldas, Infantil, Promoções, Poupe Esta Semana, Categoria Referência SFCC",
        "Data_Coleta": "2025-06-01 01:40:09"
    },
    {
        "ID_Produto": "528329",
        "Categoria_Scraping": "promocoes",
        "Nome": "Sardinha Fresca",
        "Marca": "Nossa Peixaria",
        "Preco": 5.99,
        "Unidade_Info": "0.12 Kg",
        "Categorias_GTM": "Categoria Referência SFCC, Peixaria, Peixe, Promoções, Poupe Este Fim De Semana",
        "Data_Coleta": "2025-06-01 01:40:09"
    },
    {
        "ID_Produto": "14663",
        "Categoria_Scraping": "promocoes",
        "Nome": "Bolo Snack com Recheio de Chocolate",
        "Marca": "Bollycao",
        "Preco": 2.29,
        "Unidade_Info": "0.228 Kg | 10,04 €/Kg",
        "Categorias_GTM": "Bolos e Tortas, Mercearia, Pão e Bolos Embalados, Categoria Referência SFCC, Poupe Esta Semana",
        "Data_Coleta": "2025-06-01 01:40:09"
    },
    {
        "ID_Produto": "967557",
        "Categoria_Scraping": "promocoes",
        "Nome": "Filetes de Pescada Congelados",
        "Marca": "Pescanova",
        "Preco": 4.99,
        "Unidade_Info": "0.4 Kg | 12,48 €/Kg",
        "Categorias_GTM": "Congelados, Peixe, Postas, Filetes e Medalhões, Categoria Referência SFCC, Poupe Este Fim De Semana",
        "Data_Coleta": "2025-06-01 01:40:09"
    },
    {
        "ID_Produto": "860049",
        "Categoria_Scraping": "promocoes",
        "Nome": "Gelado Mini Amêndoaw",
        "Marca": "Magnum",
        "Preco": 3.99,
        "Unidade_Info": "0.33 L | 12,09 €/L",
        "Categorias_GTM": "Congelados, Gelados, Categoria Referência SFCC, Poupe Esta Semana, Promoções",
        "Data_Coleta": "2025-06-01 01:40:09"
    },
    {
        "ID_Produto": "921755",
        "Categoria_Scraping": "promocoes",
        "Nome": "Vinho Branco Alentejo Conde de Arraiolos Premium",
        "Marca": "Conde de Arraiolos",
        "Preco": 2.99,
        "Unidade_Info": "0.75 L | 3,99 €/L",
        "Categorias_GTM": "Promoções, Alentejo, Bebidas, Vinho Branco, Poupe Esta Semana",
        "Data_Coleta": "2025-06-01 01:40:09"
    },
    {
        "ID_Produto": "776562",
        "Categoria_Scraping": "promocoes",
        "Nome": "Maionese Top Down",
        "Marca": "Calvé",
        "Preco": 3.49,
        "Unidade_Info": "0.753 Kg | 4,63 €/Kg",
        "Categorias_GTM": "Categoria Referência SFCC, Promoções, Maionese, Mostarda e Ketchup, Mercearia, Temperos",
        "Data_Coleta": "2025-06-01 01:40:09"
    },
    {
        "ID_Produto": "842918",
        "Categoria_Scraping": "promocoes",
        "Nome": "Choco Limpo Congelado",
        "Marca": "Nossa Peixaria",
        "Preco": 7.49,
        "Unidade_Info": "0.8 Kg | 9,36 €/Kg",
        "Categorias_GTM": "Categoria Referência SFCC, Congelados, Peixe, Polvo, Lulas e Chocos, Poupe Esta Semana",
        "Data_Coleta": "2025-06-01 01:40:09"
    },
    {
        "ID_Produto": "977938",
        "Categoria_Scraping": "promocoes",
        "Nome": "Pastilhas para Máquina Loiça Ultimate Plus",
        "Marca": "Finish",
        "Preco": 13.99,
        "Unidade_Info": "54 Un | 0,26 €/Un",
        "Categorias_GTM": "Promoções, Casa, Detergente Máquina, Loiça, Poupe Esta Semana",
        "Data_Coleta": "2025-06-01 01:40:16"
    },
    {
        "ID_Produto": "250328",
        "Categoria_Scraping": "promocoes",
        "Nome": "Coelho Inteiro",
        "Marca": "Nosso Talho",
        "Preco": 6.29,
        "Unidade_Info": "1.4 Kg",
        "Categorias_GTM": "Outras Carnes, Talho, Categoria Referência SFCC, Poupe Este Fim De Semana, Poupe Esta Semana",
        "Data_Coleta": "2025-06-01 01:40:16"
    },
    {
        "ID_Produto": "914811",
        "Categoria_Scraping": "promocoes",
        "Nome": "Atum ao Natural",
        "Marca": "Ramirez",
        "Preco": 1.19,
        "Unidade_Info": "0.084 Kg | 14,17 €/Kg",
        "Categorias_GTM": "Atum, Conservas, Mercearia, Promoções, Poupe Esta Semana",
        "Data_Coleta": "2025-06-01 01:40:16"
    },
    {
        "ID_Produto": "879924",
        "Categoria_Scraping": "promocoes",
        "Nome": "Bife de Atum Premium Descongelado",
        "Marca": "Nossa Peixaria",
        "Preco": 2.59,
        "Unidade_Info": "0.12 Kg | 21,58 €/Kg",
        "Categorias_GTM": "Peixaria, Peixe, Categoria Referência SFCC, Poupe Este Fim De Semana, Promoções",
        "Data_Coleta": "2025-06-01 01:40:16"
    },
    {
        "ID_Produto": "15035",
        "Categoria_Scraping": "promocoes",
        "Nome": "Néctar Manga e Laranja Vital Equilíbrio",
        "Marca": "Compal Vital Equilíbrio",
        "Preco": 1.26,
        "Unidade_Info": "1 L | 1,26 €/L",
        "Categorias_GTM": "Bebidas, Sumos e Néctares, Categoria Referência SFCC, Poupe Esta Semana, Promoções",
        "Data_Coleta": "2025-06-01 01:40:16"
    },
    {
        "ID_Produto": "728596",
        "Categoria_Scraping": "promocoes",
        "Nome": "Vinho Tinto Alentejo Portal de São Braz Coleção Privada",
        "Marca": "Portal de São Braz",
        "Preco": 1.99,
        "Unidade_Info": "0.75 L | 2,65 €/L",
        "Categorias_GTM": "Poupe Esta Semana, Categoria Referência SFCC, Promoções, Bebidas, Alentejo",
        "Data_Coleta": "2025-06-01 01:40:16"
    },
    {
        "ID_Produto": "941918",
        "Categoria_Scraping": "promocoes",
        "Nome": "Posta de Maruca Congelada",
        "Marca": "Nossa Peixaria",
        "Preco": 10.99,
        "Unidade_Info": "0.25 Kg",
        "Categorias_GTM": "Categoria Referência SFCC, Congelados, Peixe, Peixe, Promoções",
        "Data_Coleta": "2025-06-01 01:40:16"
    },
    {
        "ID_Produto": "845963",
        "Categoria_Scraping": "promocoes",
        "Nome": "Pão de Forma",
        "Marca": "Go Active",
        "Preco": 2.69,
        "Unidade_Info": "0.36 Kg | 7,47 €/Kg",
        "Categorias_GTM": "Categoria Referência SFCC, Padaria e Pastelaria, Pão Embalado, Poupe Este Fim De Semana, Poupe Esta Semana",
        "Data_Coleta": "2025-06-01 01:40:16"
    },
    {
        "ID_Produto": "768613005",
        "Categoria_Scraping": "promocoes",
        "Nome": "Iogurte Grego Maracujá Pack 4",
        "Marca": "Oikos Danone",
        "Preco": 1.99,
        "Unidade_Info": "0.44 Kg | 4,52 €/Kg",
        "Categorias_GTM": "Categoria Referência SFCC, Promoções, Frigorífico, Gregos, Iogurtes",
        "Data_Coleta": "2025-06-01 01:40:16"
    },
    {
        "ID_Produto": "965895",
        "Categoria_Scraping": "promocoes",
        "Nome": "Fraldas Pants Activity Extra 14-19kg T6",
        "Marca": "Dodot",
        "Preco": 11.94,
        "Unidade_Info": "35 Un | 0,34 €/Un",
        "Categorias_GTM": "Fraldas, Infantil, Poupe Esta Semana, Promoções, Categoria Referência SFCC",
        "Data_Coleta": "2025-06-01 01:40:16"
    },
    {
        "ID_Produto": "942472",
        "Categoria_Scraping": "promocoes",
        "Nome": "Fraldas Bebé Seco Extra 7-11kg T3+",
        "Marca": "Dodot",
        "Preco": 13.49,
        "Unidade_Info": "66 Un | 0,2 €/Un",
        "Categorias_GTM": "Promoções, Fraldas, Infantil, Categoria Referência SFCC, Poupe Esta Semana",
        "Data_Coleta": "2025-06-01 01:40:16"
    },
    {
        "ID_Produto": "902811",
        "Categoria_Scraping": "promocoes",
        "Nome": "Papel Higiénico Húmido",
        "Marca": "Scottex",
        "Preco": 1.99,
        "Unidade_Info": "74 Un | 0,03 €/Un",
        "Categorias_GTM": "Higiene Pessoal e Beleza, Papel Higiénico e Toalhitas, Poupe Esta Semana, Categoria Referência SFCC, Promoções",
        "Data_Coleta": "2025-06-01 01:40:16"
    },
    {
        "ID_Produto": "38885",
        "Categoria_Scraping": "promocoes",
        "Nome": "Sumo de Maçã 100%",
        "Marca": "Compal 100% Fruta",
        "Preco": 1.49,
        "Unidade_Info": "1 L | 1,49 €/L",
        "Categorias_GTM": "Bebidas, Sumos e Néctares, Categoria Referência SFCC, Poupe Este Fim De Semana, Poupe Esta Semana",
        "Data_Coleta": "2025-06-01 01:40:24"
    },
    {
        "ID_Produto": "977870",
        "Categoria_Scraping": "promocoes",
        "Nome": "Barrinhas de Pescada sem Glúten Congeladas",
        "Marca": "Pescanova",
        "Preco": 8.99,
        "Unidade_Info": "1.2 Kg | 7,49 €/Kg",
        "Categorias_GTM": "Poupe Esta Semana, Promoções, Congelados, Barrinhas, Nuggets e Panados, Refeições",
        "Data_Coleta": "2025-06-01 01:40:24"
    },
    {
        "ID_Produto": "250182",
        "Categoria_Scraping": "promocoes",
        "Nome": "Bife do Redondo de Vitela",
        "Marca": "Nosso Talho",
        "Preco": 13.48,
        "Unidade_Info": "0.25 Kg",
        "Categorias_GTM": "Bovino, Novilho e Vitelão, Talho, Categoria Referência SFCC, Poupe Este Fim De Semana, Poupe Esta Semana",
        "Data_Coleta": "2025-06-01 01:40:24"
    },
    {
        "ID_Produto": "948276",
        "Categoria_Scraping": "promocoes",
        "Nome": "Tira Nódoas Gel Oxi Action Roupa Branca",
        "Marca": "Vanish",
        "Preco": 9.99,
        "Unidade_Info": "1.5 L | 6,66 €/L",
        "Categorias_GTM": "Aditivos, Casa, Roupa, Promoções, Categoria Referência SFCC",
        "Data_Coleta": "2025-06-01 01:40:24"
    },
    {
        "ID_Produto": "838038",
        "Categoria_Scraping": "promocoes",
        "Nome": "Abrilhantador Máquina da Loiça Brilho e Proteção Limão",
        "Marca": "Finish",
        "Preco": 7.94,
        "Unidade_Info": "0.8 L | 9,93 €/L",
        "Categorias_GTM": "Poupe Esta Semana, Promoções, Aditivos, Sal e Abrilhantadores, Casa, Loiça",
        "Data_Coleta": "2025-06-01 01:40:24"
    },
    {
        "ID_Produto": "775524",
        "Categoria_Scraping": "promocoes",
        "Nome": "Gelado Cone Clássico",
        "Marca": "Cornetto",
        "Preco": 3.29,
        "Unidade_Info": "0.54 L | 6,09 €/L",
        "Categorias_GTM": "Promoções, Poupe Esta Semana, Categoria Referência SFCC, Congelados, Gelados",
        "Data_Coleta": "2025-06-01 01:40:24"
    },
    {
        "ID_Produto": "609444",
        "Categoria_Scraping": "promocoes",
        "Nome": "Filetes de Pangasius Congelados",
        "Marca": "Pescanova",
        "Preco": 4.49,
        "Unidade_Info": "0.6 Kg | 7,48 €/Kg",
        "Categorias_GTM": "Categoria Referência SFCC, Congelados, Peixe, Postas, Filetes e Medalhões, Poupe Esta Semana",
        "Data_Coleta": "2025-06-01 01:40:24"
    },
    {
        "ID_Produto": "754105",
        "Categoria_Scraping": "promocoes",
        "Nome": "Vinho Branco Douro Carm",
        "Marca": "Carm",
        "Preco": 8.99,
        "Unidade_Info": "0.75 L | 11,99 €/L",
        "Categorias_GTM": "Douro, Bebidas, Vinho Branco, Categoria Referência SFCC, Poupe Esta Semana",
        "Data_Coleta": "2025-06-01 01:40:24"
    },
    {
        "ID_Produto": "976881",
        "Categoria_Scraping": "promocoes",
        "Nome": "Tira Nódoas Pó Oxi Action Roupa Branca",
        "Marca": "Vanish",
        "Preco": 12.99,
        "Unidade_Info": "1.45 Kg | 8,96 €/Kg",
        "Categorias_GTM": "Promoções, Aditivos, Casa, Roupa, Poupe Esta Semana",
        "Data_Coleta": "2025-06-01 01:40:24"
    },
    {
        "ID_Produto": "954352",
        "Categoria_Scraping": "promocoes",
        "Nome": "Fraldas Cueca Rascals & Friends 10-15kg T4",
        "Marca": "Rascal + Friends",
        "Preco": 7.49,
        "Unidade_Info": "32 Un | 0,23 €/Un",
        "Categorias_GTM": "Categoria Referência SFCC, Fraldas, Infantil, Poupe Este Fim De Semana, Poupe Esta Semana",
        "Data_Coleta": "2025-06-01 01:40:24"
    },
    {
        "ID_Produto": "401997",
        "Categoria_Scraping": "promocoes",
        "Nome": "Cereais Linha com Aveia Integral",
        "Marca": "Fitness",
        "Preco": 5.24,
        "Unidade_Info": "0.625 Kg | 8,38 €/Kg",
        "Categorias_GTM": "Cereais e Barras, Linha e Fibra, Mercearia, Categoria Referência SFCC, Poupe Este Fim De Semana",
        "Data_Coleta": "2025-06-01 01:40:24"
    },
    {
        "ID_Produto": "700585",
        "Categoria_Scraping": "promocoes",
        "Nome": "Vinho Branco Alentejo Herdade dos Grous",
        "Marca": "Herdade dos Grous",
        "Preco": 10.99,
        "Unidade_Info": "0.75 L | 14,65 €/L",
        "Categorias_GTM": "Categoria Referência SFCC, Alentejo, Bebidas, Vinho Branco, Poupe Este Fim De Semana",
        "Data_Coleta": "2025-06-01 01:40:24"
    },
    {
        "ID_Produto": "909293",
        "Categoria_Scraping": "promocoes",
        "Nome": "Vinho Rosé Alentejo Portal de São Braz",
        "Marca": "Portal de São Braz",
        "Preco": 1.99,
        "Unidade_Info": "0.75 L | 2,65 €/L",
        "Categorias_GTM": "Promoções, Bebidas, Vinho Rosé, Poupe Esta Semana, Categoria Referência SFCC",
        "Data_Coleta": "2025-06-01 01:40:31"
    },
    {
        "ID_Produto": "775344",
        "Categoria_Scraping": "promocoes",
        "Nome": "Vinho Branco Alentejo Vila de Frades Coleção Privada",
        "Marca": "Vila De Frades",
        "Preco": 1.99,
        "Unidade_Info": "0.75 L | 2,65 €/L",
        "Categorias_GTM": "Poupe Esta Semana, Vinho Branco, Alentejo, Bebidas, Categoria Referência SFCC",
        "Data_Coleta": "2025-06-01 01:40:31"
    },
    {
        "ID_Produto": "941233",
        "Categoria_Scraping": "promocoes",
        "Nome": "Chocolate em Pó",
        "Marca": "Nesquik",
        "Preco": 3.49,
        "Unidade_Info": "0.39 Kg | 8,95 €/Kg",
        "Categorias_GTM": "Achocolatados, Café, Chá e Bebidas Quentes, Mercearia, Categoria Referência SFCC, Poupe Esta Semana",
        "Data_Coleta": "2025-06-01 01:40:31"
    },
    {
        "ID_Produto": "657042",
        "Categoria_Scraping": "promocoes",
        "Nome": "Snack para Cão Grande Dentastix",
        "Marca": "Pedigree",
        "Preco": 10.49,
        "Unidade_Info": "1.08 Kg | 9,71 €/Kg",
        "Categorias_GTM": "Categoria Referência SFCC, Animais, Cão, Snacks, Poupe Este Fim De Semana",
        "Data_Coleta": "2025-06-01 01:40:31"
    },
    {
        "ID_Produto": "821278004",
        "Categoria_Scraping": "promocoes",
        "Nome": "Iogurte Líquido Morango Pack 8",
        "Marca": "Mimosa",
        "Preco": 2.69,
        "Unidade_Info": "8 x0.151 L | 2,23 €/L",
        "Categorias_GTM": "Frigorífico, Iogurtes, Líquidos, Promoções, Categoria Referência SFCC",
        "Data_Coleta": "2025-06-01 01:40:31"
    },
    {
        "ID_Produto": "860009",
        "Categoria_Scraping": "promocoes",
        "Nome": "Tranche de Bacalhau Descongelado",
        "Marca": "Nossa Peixaria",
        "Preco": 2.29,
        "Unidade_Info": "0.15 Kg | 15,27 €/Kg",
        "Categorias_GTM": "Peixaria, Peixe, Categoria Referência SFCC, Poupe Este Fim De Semana, Promoções",
        "Data_Coleta": "2025-06-01 01:40:31"
    },
    {
        "ID_Produto": "421200",
        "Categoria_Scraping": "promocoes",
        "Nome": "Vinho Tinto Alentejo EA",
        "Marca": "EA",
        "Preco": 3.99,
        "Unidade_Info": "0.75 L | 5,32 €/L",
        "Categorias_GTM": "Poupe Esta Semana, Promoções, Bebidas, Alentejo, Vinho Tinto",
        "Data_Coleta": "2025-06-01 01:40:31"
    },
    {
        "ID_Produto": "754431",
        "Categoria_Scraping": "promocoes",
        "Nome": "Abrasivo Creme Limão",
        "Marca": "Cif",
        "Preco": 2.69,
        "Unidade_Info": "0.7 L | 3,84 €/L",
        "Categorias_GTM": "Abrasivos, Casa, Limpeza da Casa, Poupe Esta Semana, Categoria Referência SFCC",
        "Data_Coleta": "2025-06-01 01:40:31"
    },
    {
        "ID_Produto": "984332",
        "Categoria_Scraping": "promocoes",
        "Nome": "Champô Nutri-Plex Liso e Sedoso",
        "Marca": "Pantene",
        "Preco": 9.44,
        "Unidade_Info": "0.8 L | 11,8 €/L",
        "Categorias_GTM": "Cabelo, Champô, Higiene Pessoal e Beleza, Promoções, Poupe Esta Semana",
        "Data_Coleta": "2025-06-01 01:40:31"
    },
    {
        "ID_Produto": "861312",
        "Categoria_Scraping": "promocoes",
        "Nome": "Vinho Tinto Alentejo Abelharuco",
        "Marca": "Abelharuco",
        "Preco": 2.79,
        "Unidade_Info": "0.75 L | 3,72 €/L",
        "Categorias_GTM": "Promoções, Bebidas, Alentejo, Vinho Tinto, Poupe Esta Semana",
        "Data_Coleta": "2025-06-01 01:40:31"
    },
    {
        "ID_Produto": "921300",
        "Categoria_Scraping": "promocoes",
        "Nome": "Vinho Branco Douro Linhas Tortas Reserva",
        "Marca": "Linhas Tortas",
        "Preco": 2.99,
        "Unidade_Info": "0.75 L | 3,99 €/L",
        "Categorias_GTM": "Promoções, Douro, Bebidas, Vinho Branco, Poupe Esta Semana",
        "Data_Coleta": "2025-06-01 01:40:31"
    },
    {
        "ID_Produto": "556185",
        "Categoria_Scraping": "promocoes",
        "Nome": "Queijjo Flamengo em Barra Fatiado no Balcão",
        "Marca": "Pingo Doce",
        "Preco": 7.49,
        "Unidade_Info": "0.2 Kg",
        "Categorias_GTM": "Fatiado e Bola, Frigorífico, Queijo, Categoria Referência SFCC, As Nossas Marcas",
        "Data_Coleta": "2025-06-01 01:40:31"
    },
    {
        "ID_Produto": "374668",
        "Categoria_Scraping": "promocoes",
        "Nome": "Cereais Choco Flakes",
        "Marca": "Cuétara",
        "Preco": 3.34,
        "Unidade_Info": "0.5 Kg | 6,68 €/Kg",
        "Categorias_GTM": "Bolachas, Mercearia, Pepitas, Cobertas e Recheadas, Categoria Referência SFCC, Poupe Este Fim De Semana",
        "Data_Coleta": "2025-06-01 01:40:39"
    },
    {
        "ID_Produto": "563088",
        "Categoria_Scraping": "promocoes",
        "Nome": "Vinho Tinto Alentejo Herdade dos Grous",
        "Marca": "Herdade dos Grous",
        "Preco": 10.99,
        "Unidade_Info": "0.75 L | 14,65 €/L",
        "Categorias_GTM": "Categoria Referência SFCC, Bebidas, Alentejo, Vinho Tinto, Poupe Este Fim De Semana",
        "Data_Coleta": "2025-06-01 01:40:39"
    },
    {
        "ID_Produto": "803374",
        "Categoria_Scraping": "promocoes",
        "Nome": "Esparregado Congelado",
        "Marca": "Iglo",
        "Preco": 3.49,
        "Unidade_Info": "0.75 Kg | 4,65 €/Kg",
        "Categorias_GTM": "Congelados, Frutas e Vegetais, Vegetais, Categoria Referência SFCC, Poupe Este Fim De Semana",
        "Data_Coleta": "2025-06-01 01:40:39"
    },
    {
        "ID_Produto": "30948",
        "Categoria_Scraping": "promocoes",
        "Nome": "Vinho Branco Península de Setúbal Adega de Pegões",
        "Marca": "Adega de Pegões",
        "Preco": 1.54,
        "Unidade_Info": "0.75 L | 2,05 €/L",
        "Categorias_GTM": "Setúbal, Bebidas, Vinho Branco, Promoções, Poupe Esta Semana",
        "Data_Coleta": "2025-06-01 01:40:39"
    },
    {
        "ID_Produto": "676403",
        "Categoria_Scraping": "promocoes",
        "Nome": "Leite Achocolatado Pack 4",
        "Marca": "Mimosa",
        "Preco": 1.56,
        "Unidade_Info": "4 x0.2 L | 1,95 €/L",
        "Categorias_GTM": "Categoria Referência SFCC, Leite Aromatizado, Leite, Natas e Ovos, Poupe Este Fim De Semana, Poupe Esta Semana",
        "Data_Coleta": "2025-06-01 01:40:39"
    },
    {
        "ID_Produto": "987896",
        "Categoria_Scraping": "promocoes",
        "Nome": "Toalhitas Bebé Azul",
        "Marca": "Dodot",
        "Preco": 0.98,
        "Unidade_Info": "52 Un | 0,02 €/Un",
        "Categorias_GTM": "Infantil, Toalhitas, Promoções, Poupe Esta Semana, Categoria Referência SFCC",
        "Data_Coleta": "2025-06-01 01:40:39"
    },
    {
        "ID_Produto": "704365",
        "Categoria_Scraping": "promocoes",
        "Nome": "Whisky Irlandês Black Bush Bushmills",
        "Marca": "Bushmills",
        "Preco": 23.99,
        "Unidade_Info": "0.7 L | 34,27 €/L",
        "Categorias_GTM": "Categoria Referência SFCC, Bebidas, Whisky, Whisky e Espirituosas, Poupe Esta Semana",
        "Data_Coleta": "2025-06-01 01:40:39"
    },
    {
        "ID_Produto": "776715",
        "Categoria_Scraping": "promocoes",
        "Nome": "Ração Seca para Cão Adulto",
        "Marca": "Happyone",
        "Preco": 14.39,
        "Unidade_Info": "10 Kg | 1,44 €/Kg",
        "Categorias_GTM": "Poupe Esta Semana, Promoções, Categoria Referência SFCC, Animais, Cão",
        "Data_Coleta": "2025-06-01 01:40:39"
    },
    {
        "ID_Produto": "821311",
        "Categoria_Scraping": "promocoes",
        "Nome": "Cápsulas de Café Buondi",
        "Marca": "Nescafé Dolce Gusto",
        "Preco": 5.39,
        "Unidade_Info": "16 Un | 0,34 €/Un",
        "Categorias_GTM": "Café, Chá e Bebidas Quentes, Cápsulas de Café, Mercearia, Categoria Referência SFCC, Poupe Esta Semana",
        "Data_Coleta": "2025-06-01 01:40:39"
    },
    {
        "ID_Produto": "619056",
        "Categoria_Scraping": "promocoes",
        "Nome": "Café Solúvel Clássico",
        "Marca": "Nescafé",
        "Preco": 8.44,
        "Unidade_Info": "0.2 Kg | 42,2 €/Kg",
        "Categorias_GTM": "Categoria Referência SFCC, Café, Chá e Bebidas Quentes, Café Solúvel e Descafeinado, Mercearia, Poupe Esta Semana",
        "Data_Coleta": "2025-06-01 01:40:39"
    },
    {
        "ID_Produto": "506280",
        "Categoria_Scraping": "promocoes",
        "Nome": "Abrasivo Spray Cozinha Cleanboost",
        "Marca": "Cif",
        "Preco": 2.69,
        "Unidade_Info": "0.75 L | 3,59 €/L",
        "Categorias_GTM": "Poupe Esta Semana, Categoria Referência SFCC, Casa, Limpeza da Casa, Tira Gorduras",
        "Data_Coleta": "2025-06-01 01:40:39"
    },
    {
        "ID_Produto": "937368",
        "Categoria_Scraping": "promocoes",
        "Nome": "Bagels Clássicos",
        "Marca": "Bimbo",
        "Preco": 2.34,
        "Unidade_Info": "0.3 Kg | 7,8 €/Kg",
        "Categorias_GTM": "Mercearia, Pão e Bolos Embalados, Promoções, Categoria Referência SFCC, Poupe Esta Semana",
        "Data_Coleta": "2025-06-01 01:40:39"
    },
    {
        "ID_Produto": "965719",
        "Categoria_Scraping": "promocoes",
        "Nome": "Detergente Máquina Roupa Cápsulas Active Clean",
        "Marca": "Skip",
        "Preco": 8.99,
        "Unidade_Info": "32 Dos | 0,28 €/Dos",
        "Categorias_GTM": "Casa, Detergente, Roupa, Poupe Esta Semana, Promoções",
        "Data_Coleta": "2025-06-01 01:40:47"
    },
    {
        "ID_Produto": "837893",
        "Categoria_Scraping": "promocoes",
        "Nome": "Nuggets de Frango com Queijo Congelados",
        "Marca": "Capitão Iglo",
        "Preco": 5.99,
        "Unidade_Info": "0.375 Kg | 15,97 €/Kg",
        "Categorias_GTM": "Promoções, Poupe Esta Semana, Congelados, Barrinhas, Nuggets e Panados, Refeições",
        "Data_Coleta": "2025-06-01 01:40:47"
    },
    {
        "ID_Produto": "775908",
        "Categoria_Scraping": "promocoes",
        "Nome": "Gelado Cone Morango",
        "Marca": "Cornetto",
        "Preco": 3.29,
        "Unidade_Info": "0.54 L | 6,09 €/L",
        "Categorias_GTM": "Promoções, Poupe Esta Semana, Categoria Referência SFCC, Congelados, Gelados",
        "Data_Coleta": "2025-06-01 01:40:47"
    },
    {
        "ID_Produto": "919301",
        "Categoria_Scraping": "promocoes",
        "Nome": "Atum Posta em Azeite",
        "Marca": "Minerva",
        "Preco": 1.67,
        "Unidade_Info": "0.078 Kg | 21,41 €/Kg",
        "Categorias_GTM": "Poupe Esta Semana, Categoria Referência SFCC, Promoções, Atum, Conservas",
        "Data_Coleta": "2025-06-01 01:40:47"
    },
    {
        "ID_Produto": "973178",
        "Categoria_Scraping": "promocoes",
        "Nome": "Crocantes de Frango Cordon Bleu Congelados",
        "Marca": "Iglo",
        "Preco": 3.99,
        "Unidade_Info": "0.2 Kg | 19,95 €/Kg",
        "Categorias_GTM": "Congelados, Barrinhas, Nuggets e Panados, Refeições, Categoria Referência SFCC, Poupe Este Fim De Semana",
        "Data_Coleta": "2025-06-01 01:40:47"
    },
    {
        "ID_Produto": "748388",
        "Categoria_Scraping": "promocoes",
        "Nome": "Elixir Bucal Triple Action",
        "Marca": "Colgate",
        "Preco": 3.74,
        "Unidade_Info": "0.5 L | 7,48 €/L",
        "Categorias_GTM": "Poupe Esta Semana, Categoria Referência SFCC, Elixir, Higiene Oral, Higiene Pessoal e Beleza",
        "Data_Coleta": "2025-06-01 01:40:47"
    },
    {
        "ID_Produto": "926014",
        "Categoria_Scraping": "promocoes",
        "Nome": "Vinho Tinto Douro DOC MAC Maçanita",
        "Marca": "Maçanita",
        "Preco": 6.99,
        "Unidade_Info": "0.75 L | 9,32 €/L",
        "Categorias_GTM": "Bebidas, Douro, Vinho Tinto, Promoções, Categoria Referência SFCC",
        "Data_Coleta": "2025-06-01 01:40:47"
    },
    {
        "ID_Produto": "517787",
        "Categoria_Scraping": "promocoes",
        "Nome": "Néctar Frutos Vermelhos Antiox",
        "Marca": "Compal Vital Equilíbrio",
        "Preco": 1.43,
        "Unidade_Info": "1 L | 1,43 €/L",
        "Categorias_GTM": "Categoria Referência SFCC, Bebidas, Sumos e Néctares, Poupe Este Fim De Semana, Poupe Esta Semana",
        "Data_Coleta": "2025-06-01 01:40:47"
    },
    {
        "ID_Produto": "616653",
        "Categoria_Scraping": "promocoes",
        "Nome": "Limpa Máquinas da Loiça Limão",
        "Marca": "Finish",
        "Preco": 3.89,
        "Unidade_Info": "0.25 L | 15,56 €/L",
        "Categorias_GTM": "Promoções, Categoria Referência SFCC, Casa, Detergente Máquina, Loiça",
        "Data_Coleta": "2025-06-01 01:40:47"
    },
    {
        "ID_Produto": "387209",
        "Categoria_Scraping": "promocoes",
        "Nome": "Bolo Donuts",
        "Marca": "Donuts",
        "Preco": 2.89,
        "Unidade_Info": "0.288 Kg | 10,03 €/Kg",
        "Categorias_GTM": "Bolos e Tortas, Pão e Bolos Embalados, Mercearia, Categoria Referência SFCC, Poupe Este Fim De Semana",
        "Data_Coleta": "2025-06-01 01:40:47"
    },
    {
        "ID_Produto": "911564",
        "Categoria_Scraping": "promocoes",
        "Nome": "Vinho Branco Alentejo Dona Vitória Grande Escolha",
        "Marca": "Dona Vitória",
        "Preco": 4.99,
        "Unidade_Info": "0.75 L | 6,65 €/L",
        "Categorias_GTM": "Promoções, Poupe Esta Semana, Poupe Este Fim De Semana, Categoria Referência SFCC, Bebidas",
        "Data_Coleta": "2025-06-01 01:40:47"
    },
    {
        "ID_Produto": "889196",
        "Categoria_Scraping": "promocoes",
        "Nome": "Queijo de Prato Amanteigado",
        "Marca": "D. Pedro",
        "Preco": 9.99,
        "Unidade_Info": "1.15 Kg",
        "Categorias_GTM": "Promoções, Fatiado e Bola, Frigorífico, Queijo, Categoria Referência SFCC",
        "Data_Coleta": "2025-06-01 01:40:47"
    },
    {
        "ID_Produto": "509118",
        "Categoria_Scraping": "promocoes",
        "Nome": "Tisana de Chá Verde e Limão",
        "Marca": "Pleno",
        "Preco": 1.59,
        "Unidade_Info": "1.5 L | 1,06 €/L",
        "Categorias_GTM": "Categoria Referência SFCC, Água, Aromatizada e Tisanas, Bebidas, Poupe Esta Semana",
        "Data_Coleta": "2025-06-01 01:40:56"
    },
    {
        "ID_Produto": "712638",
        "Categoria_Scraping": "promocoes",
        "Nome": "Creme Vegetal para Barrar Sabor a Manteiga",
        "Marca": "Planta",
        "Preco": 4.99,
        "Unidade_Info": "1 Kg | 4,99 €/Kg",
        "Categorias_GTM": "Categoria Referência SFCC, Promoções, Frigorífico, Manteigas e Cremes para Barrar, Poupe Esta Semana",
        "Data_Coleta": "2025-06-01 01:40:56"
    },
    {
        "ID_Produto": "912871",
        "Categoria_Scraping": "promocoes",
        "Nome": "Vinho Tinto Lisboa Colossal Grande Reserva",
        "Marca": "Colossal",
        "Preco": 4.99,
        "Unidade_Info": "0.75 L | 6,65 €/L",
        "Categorias_GTM": "Promoções, Bebidas, Lisboa, Vinho Tinto, Poupe Esta Semana",
        "Data_Coleta": "2025-06-01 01:40:56"
    },
    {
        "ID_Produto": "619153",
        "Categoria_Scraping": "promocoes",
        "Nome": "Ice Tea Pêssego",
        "Marca": "Lipton",
        "Preco": 2.39,
        "Unidade_Info": "2 L | 1,2 €/L",
        "Categorias_GTM": "Promoções, Categoria Referência SFCC, Bebidas, Ice Tea, Poupe Esta Semana",
        "Data_Coleta": "2025-06-01 01:40:56"
    },
    {
        "ID_Produto": "869863",
        "Categoria_Scraping": "promocoes",
        "Nome": "Vinho Branco Alentejo Dona Vitória Premium",
        "Marca": "Dona Vitória",
        "Preco": 2.99,
        "Unidade_Info": "0.75 L | 3,99 €/L",
        "Categorias_GTM": "Alentejo, Bebidas, Vinho Branco, Poupe Esta Semana, Categoria Referência SFCC",
        "Data_Coleta": "2025-06-01 01:40:56"
    },
    {
        "ID_Produto": "31257",
        "Categoria_Scraping": "promocoes",
        "Nome": "Flocos de Cereais e Mel",
        "Marca": "Nestum",
        "Preco": 2.24,
        "Unidade_Info": "0.3 Kg | 7,47 €/Kg",
        "Categorias_GTM": "Alimentação, Infantil, Papas, Categoria Referência SFCC, Poupe Este Fim De Semana",
        "Data_Coleta": "2025-06-01 01:40:56"
    },
    {
        "ID_Produto": "919305",
        "Categoria_Scraping": "promocoes",
        "Nome": "Tortita de Chocolate Negro sem Açúcar",
        "Marca": "Bicentury",
        "Preco": 2.24,
        "Unidade_Info": "0.13 Kg | 17,23 €/Kg",
        "Categorias_GTM": "Categoria Referência SFCC, Alternativas Alimentares, Chocolates, Bolachas e Snacks, Poupe Este Fim De Semana, Poupe Esta Semana",
        "Data_Coleta": "2025-06-01 01:40:56"
    },
    {
        "ID_Produto": "739881",
        "Categoria_Scraping": "promocoes",
        "Nome": "Fiambre da Perna Extra Fatias Finas",
        "Marca": "Pingo Doce",
        "Preco": 1.39,
        "Unidade_Info": "0.15 Kg | 9,27 €/Kg",
        "Categorias_GTM": "As Nossas Marcas, Pingo Doce, Categoria Referência SFCC, Charcutaria, Fiambre e Mortadela",
        "Data_Coleta": "2025-06-01 01:40:56"
    },
    {
        "ID_Produto": "766369",
        "Categoria_Scraping": "promocoes",
        "Nome": "Filetes Primavera com Alho e Ervas Aromáticas Congelados",
        "Marca": "Iglo",
        "Preco": 3.74,
        "Unidade_Info": "0.225 Kg | 16,62 €/Kg",
        "Categorias_GTM": "Categoria Referência SFCC, Promoções, Congelados, Barrinhas, Nuggets e Panados, Refeições",
        "Data_Coleta": "2025-06-01 01:40:56"
    },
    {
        "ID_Produto": "940350",
        "Categoria_Scraping": "promocoes",
        "Nome": "Resma Papel de Impressão A4 80g",
        "Marca": "Xerox",
        "Preco": 4.99,
        "Unidade_Info": "1 Un | 4,99 €/Un",
        "Categorias_GTM": "Categoria Referência SFCC, Papelaria, Bazar, Cadernos, Blocos e Arquivo, Poupe Esta Semana",
        "Data_Coleta": "2025-06-01 01:40:56"
    },
    {
        "ID_Produto": "596984",
        "Categoria_Scraping": "promocoes",
        "Nome": "Papel Higiénico 2 Folhas Extra XXL (6 = 15 rolos)",
        "Marca": "Renova",
        "Preco": 2.96,
        "Unidade_Info": "6 Un | 0,49 €/Un",
        "Categorias_GTM": "Promoções, Poupe Esta Semana, Categoria Referência SFCC, Poupe Este Fim De Semana, Papel Higiénico e Toalhitas",
        "Data_Coleta": "2025-06-01 01:40:56"
    },
    {
        "ID_Produto": "574536",
        "Categoria_Scraping": "promocoes",
        "Nome": "Vinho Branco Alentejo Porta da Ravessa",
        "Marca": "Porta da Ravessa",
        "Preco": 2.24,
        "Unidade_Info": "0.75 L | 2,99 €/L",
        "Categorias_GTM": "Poupe Esta Semana, Promoções, Categoria Referência SFCC, Alentejo, Bebidas",
        "Data_Coleta": "2025-06-01 01:40:56"
    },
    {
        "ID_Produto": "835494",
        "Categoria_Scraping": "promocoes",
        "Nome": "Spray Multiusos Ultra Desengordurante",
        "Marca": "Cif",
        "Preco": 1.99,
        "Unidade_Info": "0.5 L | 3,98 €/L",
        "Categorias_GTM": "Promoções, Casa, Limpeza da Casa, Tira Gorduras, Poupe Esta Semana",
        "Data_Coleta": "2025-06-01 01:41:04"
    },
    {
        "ID_Produto": "915493",
        "Categoria_Scraping": "promocoes",
        "Nome": "Comida Seca para Cão Adulto Premium Frango e Arroz",
        "Marca": "Activpet",
        "Preco": 16.19,
        "Unidade_Info": "7.5 Kg | 2,16 €/Kg",
        "Categorias_GTM": "Comida Seca, Animais, Cão, Poupe Esta Semana, Promoções",
        "Data_Coleta": "2025-06-01 01:41:04"
    },
    {
        "ID_Produto": "878030",
        "Categoria_Scraping": "promocoes",
        "Nome": "Gelado Doce Leite",
        "Marca": "Häagen-Dazs",
        "Preco": 5.84,
        "Unidade_Info": "0.46 L | 12,7 €/L",
        "Categorias_GTM": "Congelados, Gelados, Categoria Referência SFCC, Poupe Esta Semana, Promoções",
        "Data_Coleta": "2025-06-01 01:41:04"
    },
    {
        "ID_Produto": "955359",
        "Categoria_Scraping": "promocoes",
        "Nome": "Spray Limpeza Sanitário Multisuperfícies",
        "Marca": "Sanytol",
        "Preco": 2.49,
        "Unidade_Info": "0.75 L | 3,32 €/L",
        "Categorias_GTM": "Abrasivos, Casa, Limpeza da Casa, Promoções, Categoria Referência SFCC",
        "Data_Coleta": "2025-06-01 01:41:04"
    },
    {
        "ID_Produto": "705592",
        "Categoria_Scraping": "promocoes",
        "Nome": "Queijo Mozzarella Fatiado",
        "Marca": "Pingo Doce",
        "Preco": 1.89,
        "Unidade_Info": "0.2 Kg | 9,45 €/Kg",
        "Categorias_GTM": "Categoria Referência SFCC, Fatiado e Bola, Frigorífico, Queijo, As Nossas Marcas",
        "Data_Coleta": "2025-06-01 01:41:04"
    },
    {
        "ID_Produto": "742450",
        "Categoria_Scraping": "promocoes",
        "Nome": "Leite Achocolatado sem Açúcar Pack 6",
        "Marca": "Ucal",
        "Preco": 4.59,
        "Unidade_Info": "6 x0.25 L | 3,06 €/L",
        "Categorias_GTM": "Categoria Referência SFCC, Leite Aromatizado, Leite, Natas e Ovos, Poupe Esta Semana, Promoções",
        "Data_Coleta": "2025-06-01 01:41:04"
    },
    {
        "ID_Produto": "768613006",
        "Categoria_Scraping": "promocoes",
        "Nome": "Iogurte Grego Morango Pack 4",
        "Marca": "Oikos Danone",
        "Preco": 1.99,
        "Unidade_Info": "0.44 Kg | 4,52 €/Kg",
        "Categorias_GTM": "Categoria Referência SFCC, Frigorífico, Gregos, Iogurtes, Poupe Esta Semana",
        "Data_Coleta": "2025-06-01 01:41:04"
    },
    {
        "ID_Produto": "977941",
        "Categoria_Scraping": "promocoes",
        "Nome": "Pastilhas para Máquina Loiça Ultimate Limão",
        "Marca": "Finish",
        "Preco": 12.99,
        "Unidade_Info": "50 Un | 0,26 €/Un",
        "Categorias_GTM": "Promoções, Casa, Detergente Máquina, Loiça, Poupe Esta Semana",
        "Data_Coleta": "2025-06-01 01:41:04"
    },
    {
        "ID_Produto": "957542",
        "Categoria_Scraping": "promocoes",
        "Nome": "Queijo Branco de Vaca",
        "Marca": "Indulac",
        "Preco": 7.19,
        "Unidade_Info": "0.5 Kg | 14,38 €/Kg",
        "Categorias_GTM": "Frigorífico, Nacional, Queijo, Poupe Esta Semana, Promoções",
        "Data_Coleta": "2025-06-01 01:41:04"
    },
    {
        "ID_Produto": "766025",
        "Categoria_Scraping": "promocoes",
        "Nome": "Gel de Banho Creme Smooth",
        "Marca": "Nivea",
        "Preco": 3.99,
        "Unidade_Info": "0.75 L | 5,32 €/L",
        "Categorias_GTM": "Categoria Referência SFCC, Corpo, Gel de Banho, Higiene Pessoal e Beleza, Poupe Esta Semana",
        "Data_Coleta": "2025-06-01 01:41:04"
    },
    {
        "ID_Produto": "853514",
        "Categoria_Scraping": "promocoes",
        "Nome": "Papa Infantil Láctea Aveia, Manga e Banana +6 Meses",
        "Marca": "Cerelac",
        "Preco": 2.99,
        "Unidade_Info": "0.24 Kg | 12,46 €/Kg",
        "Categorias_GTM": "Alimentação, Infantil, Papas, Categoria Referência SFCC, Poupe Este Fim De Semana",
        "Data_Coleta": "2025-06-01 01:41:04"
    },
    {
        "ID_Produto": "920576",
        "Categoria_Scraping": "promocoes",
        "Nome": "Bolachas Cracker sem Sal na Superfície",
        "Marca": "Gran Pavesi",
        "Preco": 2.99,
        "Unidade_Info": "0.56 Kg | 5,34 €/Kg",
        "Categorias_GTM": "Categoria Referência SFCC, Bolachas, Mercearia, Salgadas, Poupe Este Fim De Semana",
        "Data_Coleta": "2025-06-01 01:41:04"
    },
    {
        "ID_Produto": "752833",
        "Categoria_Scraping": "promocoes",
        "Nome": "Penso Anatómico Dermo Severa",
        "Marca": "Lindor",
        "Preco": 12.59,
        "Unidade_Info": "20 Un | 0,63 €/Un",
        "Categorias_GTM": "Higiene Pessoal e Beleza, Incontinência, Poupe Esta Semana, Categoria Referência SFCC, Fraldas e Cuecas",
        "Data_Coleta": "2025-06-01 01:41:13"
    },
    {
        "ID_Produto": "908657",
        "Categoria_Scraping": "promocoes",
        "Nome": "Fraldas Pants 11-16kg T5",
        "Marca": "Dodot",
        "Preco": 7.94,
        "Unidade_Info": "30 Un | 0,26 €/Un",
        "Categorias_GTM": "Fraldas, Infantil, Poupe Esta Semana, Promoções, Categoria Referência SFCC",
        "Data_Coleta": "2025-06-01 01:41:13"
    },
    {
        "ID_Produto": "930118",
        "Categoria_Scraping": "promocoes",
        "Nome": "Bacon Extra Naco Fumado",
        "Marca": "Pingo Doce",
        "Preco": 2.99,
        "Unidade_Info": "0.25 Kg | 11,96 €/Kg",
        "Categorias_GTM": "As Nossas Marcas, Pingo Doce, Bacon, Charcutaria, Categoria Referência SFCC",
        "Data_Coleta": "2025-06-01 01:41:13"
    },
    {
        "ID_Produto": "953883",
        "Categoria_Scraping": "promocoes",
        "Nome": "Detergente Máquina Roupa Pó Regular",
        "Marca": "Xau",
        "Preco": 9.99,
        "Unidade_Info": "85 Dos | 0,12 €/Dos",
        "Categorias_GTM": "Categoria Referência SFCC, Casa, Detergente, Roupa, Poupe Este Fim De Semana",
        "Data_Coleta": "2025-06-01 01:41:13"
    },
    {
        "ID_Produto": "331288",
        "Categoria_Scraping": "promocoes",
        "Nome": "Creme Vegetal Líquido para Culinária Vaqueiro 500 ml",
        "Marca": "Vaqueiro",
        "Preco": 2.49,
        "Unidade_Info": "0.5 L | 4,98 €/L",
        "Categorias_GTM": "Frigorífico, Manteigas e Cremes para Barrar, Categoria Referência SFCC, Poupe Este Fim De Semana, Poupe Esta Semana",
        "Data_Coleta": "2025-06-01 01:41:13"
    },
    {
        "ID_Produto": "990583",
        "Categoria_Scraping": "promocoes",
        "Nome": "Sal Máquina de Louça",
        "Marca": "Finish",
        "Preco": 1.89,
        "Unidade_Info": "1 Kg | 1,89 €/Kg",
        "Categorias_GTM": "Aditivos, Sal e Abrilhantadores, Casa, Loiça, Promoções, Poupe Esta Semana",
        "Data_Coleta": "2025-06-01 01:41:13"
    },
    {
        "ID_Produto": "930224",
        "Categoria_Scraping": "promocoes",
        "Nome": "Sacos Higiénicos Biodegradáveis",
        "Marca": "Activpet",
        "Preco": 1.19,
        "Unidade_Info": "80 Un | 0,01 €/Un",
        "Categorias_GTM": "Animais, Cão, Higiene e Acessórios, ActivPet, As Nossas Marcas",
        "Data_Coleta": "2025-06-01 01:41:13"
    },
    {
        "ID_Produto": "869565",
        "Categoria_Scraping": "promocoes",
        "Nome": "Comida Húmida para Gato Esterilizado Salmão",
        "Marca": "Purina One",
        "Preco": 2.59,
        "Unidade_Info": "0.34 Kg | 7,62 €/Kg",
        "Categorias_GTM": "Poupe Esta Semana, Animais, Comida Húmida, Gato, Promoções",
        "Data_Coleta": "2025-06-01 01:41:13"
    },
    {
        "ID_Produto": "673496",
        "Categoria_Scraping": "promocoes",
        "Nome": "Caracol Cozido ",
        "Marca": "Nossa Peixaria",
        "Preco": 5.49,
        "Unidade_Info": "0.6 Kg | 5,49 €/Kg",
        "Categorias_GTM": "Categoria Referência SFCC, Poupe Esta Semana, Promoções, Poupe Este Fim De Semana",
        "Data_Coleta": "2025-06-01 01:41:13"
    },
    {
        "ID_Produto": "751677",
        "Categoria_Scraping": "promocoes",
        "Nome": "Lava Tudo Brilhante para Madeira",
        "Marca": "Sonasol",
        "Preco": 2.79,
        "Unidade_Info": "1.1 L | 2,54 €/L",
        "Categorias_GTM": "Poupe Esta Semana, Categoria Referência SFCC, Promoções, Casa, Lava Tudo",
        "Data_Coleta": "2025-06-01 01:41:13"
    },
    {
        "ID_Produto": "708772",
        "Categoria_Scraping": "promocoes",
        "Nome": "Yofu Soja Mix Polpa Pack 4",
        "Marca": "Alpro",
        "Preco": 2.54,
        "Unidade_Info": "0.5 Kg | 5,08 €/Kg",
        "Categorias_GTM": "Categoria Referência SFCC, Promoções, Alternativas Vegetais, Frigorífico, Iogurtes",
        "Data_Coleta": "2025-06-01 01:41:13"
    },
    {
        "ID_Produto": "874748",
        "Categoria_Scraping": "promocoes",
        "Nome": "Preparado de Marisco Congelado",
        "Marca": "Nossa Peixaria",
        "Preco": 5.99,
        "Unidade_Info": "0.8 Kg | 7,49 €/Kg",
        "Categorias_GTM": "Congelados, Marisco, Categoria Referência SFCC, Poupe Este Fim De Semana, Poupe Esta Semana",
        "Data_Coleta": "2025-06-01 01:41:13"
    },
    {
        "ID_Produto": "277250",
        "Categoria_Scraping": "promocoes",
        "Nome": "Água sem Gás Garrafa Pack 6",
        "Marca": "Fastio",
        "Preco": 2.34,
        "Unidade_Info": "6 x0.5 L | 0,78 €/L",
        "Categorias_GTM": "Água, Água sem Gás, Bebidas, Categoria Referência SFCC, Poupe Esta Semana",
        "Data_Coleta": "2025-06-01 01:41:21"
    },
    {
        "ID_Produto": "907835",
        "Categoria_Scraping": "promocoes",
        "Nome": "Lava Tudo Festa de Flores Lavanda",
        "Marca": "Ajax",
        "Preco": 2.24,
        "Unidade_Info": "1.25 L | 1,79 €/L",
        "Categorias_GTM": "Promoções, Casa, Lava Tudo, Limpeza da Casa, Poupe Esta Semana",
        "Data_Coleta": "2025-06-01 01:41:21"
    },
    {
        "ID_Produto": "818891",
        "Categoria_Scraping": "promocoes",
        "Nome": "Fraldas Activity Extra 6-11kg T3",
        "Marca": "Dodot",
        "Preco": 14.99,
        "Unidade_Info": "60 Un | 0,25 €/Un",
        "Categorias_GTM": "Poupe Esta Semana, Promoções, Categoria Referência SFCC, Fraldas, Infantil",
        "Data_Coleta": "2025-06-01 01:41:21"
    },
    {
        "ID_Produto": "989305",
        "Categoria_Scraping": "promocoes",
        "Nome": "Pastilhas para Máquina Loiça Tudo em Um Limão",
        "Marca": "Fairy",
        "Preco": 11.99,
        "Unidade_Info": "56 Un | 0,21 €/Un",
        "Categorias_GTM": "Casa, Detergente Máquina, Loiça, Promoções, Poupe Esta Semana",
        "Data_Coleta": "2025-06-01 01:41:21"
    },
    {
        "ID_Produto": "706302",
        "Categoria_Scraping": "promocoes",
        "Nome": "Anti-calcário em Gel",
        "Marca": "Calgon",
        "Preco": 11.99,
        "Unidade_Info": "1.5 L | 7,99 €/L",
        "Categorias_GTM": "Poupe Esta Semana, Categoria Referência SFCC, Casa, Cuidado da Máquina, Roupa",
        "Data_Coleta": "2025-06-01 01:41:21"
    },
    {
        "ID_Produto": "873572",
        "Categoria_Scraping": "promocoes",
        "Nome": "Nuggets de Frango Polme Americano Congelados",
        "Marca": "Capitão Iglo",
        "Preco": 9.99,
        "Unidade_Info": "0.697 Kg | 14,33 €/Kg",
        "Categorias_GTM": "Congelados, Barrinhas, Nuggets e Panados, Refeições, Poupe Esta Semana, Promoções",
        "Data_Coleta": "2025-06-01 01:41:21"
    },
    {
        "ID_Produto": "818892",
        "Categoria_Scraping": "promocoes",
        "Nome": "Fraldas Activity Extra  12-17kg  T3",
        "Marca": "Dodot",
        "Preco": 14.99,
        "Unidade_Info": "48 Un | 0,31 €/Un",
        "Categorias_GTM": "Poupe Esta Semana, Promoções, Categoria Referência SFCC, Fraldas, Infantil",
        "Data_Coleta": "2025-06-01 01:41:21"
    },
    {
        "ID_Produto": "971182",
        "Categoria_Scraping": "promocoes",
        "Nome": "Champô Anticaspa Classic 2 em 1",
        "Marca": "Head&Shoulders",
        "Preco": 9.94,
        "Unidade_Info": "0.8 L | 12,43 €/L",
        "Categorias_GTM": "Poupe Esta Semana, Promoções, Cabelo, Champô, Higiene Pessoal e Beleza",
        "Data_Coleta": "2025-06-01 01:41:21"
    },
    {
        "ID_Produto": "945554",
        "Categoria_Scraping": "promocoes",
        "Nome": "Chips de Arroz Integral com Chia e Quinoa",
        "Marca": "Pingo Doce",
        "Preco": 0.69,
        "Unidade_Info": "0.025 Kg | 27,6 €/Kg",
        "Categorias_GTM": "Alternativas Alimentares, Chocolates, Bolachas e Snacks, As Nossas Marcas, Pingo Doce, Categoria Referência SFCC",
        "Data_Coleta": "2025-06-01 01:41:21"
    },
    {
        "ID_Produto": "647128",
        "Categoria_Scraping": "promocoes",
        "Nome": "Douradinhos de Frango Congelados",
        "Marca": "Capitão Iglo",
        "Preco": 3.49,
        "Unidade_Info": "0.25 Kg | 13,96 €/Kg",
        "Categorias_GTM": "Promoções, Categoria Referência SFCC, Poupe Esta Semana, Poupe Este Fim De Semana, Refeições",
        "Data_Coleta": "2025-06-01 01:41:21"
    },
    {
        "ID_Produto": "830749",
        "Categoria_Scraping": "promocoes",
        "Nome": "Granola de Aveia com Chocolate",
        "Marca": "Fitness",
        "Preco": 3.29,
        "Unidade_Info": "0.3 Kg | 10,97 €/Kg",
        "Categorias_GTM": "Cereais e Barras, Mercearia, Muesli e Granola, Categoria Referência SFCC, Poupe Esta Semana",
        "Data_Coleta": "2025-06-01 01:41:21"
    },
    {
        "ID_Produto": "619152",
        "Categoria_Scraping": "promocoes",
        "Nome": "Ice Tea Limão",
        "Marca": "Lipton",
        "Preco": 2.39,
        "Unidade_Info": "2 L | 1,2 €/L",
        "Categorias_GTM": "Poupe Esta Semana, Categoria Referência SFCC, Promoções, Bebidas, Ice Tea",
        "Data_Coleta": "2025-06-01 01:41:21"
    },
    {
        "ID_Produto": "254253",
        "Categoria_Scraping": "promocoes",
        "Nome": "Pão de Rio Maior",
        "Marca": "Nossa Padaria",
        "Preco": 0.99,
        "Unidade_Info": "0.45 Kg | 2,2 €/Kg",
        "Categorias_GTM": "Pão Embalado, Padaria e Pastelaria, Categoria Referência SFCC, Poupe Este Fim De Semana, Poupe Esta Semana",
        "Data_Coleta": "2025-06-01 01:41:30"
    },
    {
        "ID_Produto": "850741",
        "Categoria_Scraping": "promocoes",
        "Nome": "Massa Esparguete",
        "Marca": "Nacional",
        "Preco": 0.99,
        "Unidade_Info": "0.725 Kg | 1,37 €/Kg",
        "Categorias_GTM": "Arroz e Massa, Massa, Mercearia, Categoria Referência SFCC, Poupe Este Fim De Semana",
        "Data_Coleta": "2025-06-01 01:41:30"
    },
    {
        "ID_Produto": "904005",
        "Categoria_Scraping": "promocoes",
        "Nome": "Comida Húmida para Gato com Frango Gourmet Nature's Creations 4x85 g",
        "Marca": "Purina Gourmet Gold",
        "Preco": 2.94,
        "Unidade_Info": "0.34 Kg | 8,65 €/Kg",
        "Categorias_GTM": "N/A",
        "Data_Coleta": "2025-06-01 01:41:30"
    },
    {
        "ID_Produto": "49931",
        "Categoria_Scraping": "promocoes",
        "Nome": "Lixívia Tradicional",
        "Marca": "Neoblanc",
        "Preco": 2.99,
        "Unidade_Info": "4 L | 0,75 €/L",
        "Categorias_GTM": "Categoria Referência SFCC, Casa, Limpeza da Casa, Lixívia, Poupe Esta Semana",
        "Data_Coleta": "2025-06-01 01:41:30"
    },
    {
        "ID_Produto": "914809",
        "Categoria_Scraping": "promocoes",
        "Nome": "Atum em Óleo",
        "Marca": "Ramirez",
        "Preco": 1.14,
        "Unidade_Info": "0.078 Kg | 14,62 €/Kg",
        "Categorias_GTM": "Atum, Conservas, Mercearia, Poupe Esta Semana, Promoções",
        "Data_Coleta": "2025-06-01 01:41:30"
    },
    {
        "ID_Produto": "703571",
        "Categoria_Scraping": "promocoes",
        "Nome": "Óleo Alimentar",
        "Marca": "Apetite",
        "Preco": 1.39,
        "Unidade_Info": "1 L | 1,39 €/L",
        "Categorias_GTM": "Categoria Referência SFCC, Azeite, Óleo e Vinagre, Mercearia, Óleo, Poupe Este Fim De Semana",
        "Data_Coleta": "2025-06-01 01:41:30"
    },
    {
        "ID_Produto": "693792",
        "Categoria_Scraping": "promocoes",
        "Nome": "Trem de Cozinha 5 Peças Inox",
        "Marca": "Smukee",
        "Preco": 29.99,
        "Unidade_Info": "N/A",
        "Categorias_GTM": "Categoria Referência SFCC, Bazar, Pequenos Domésticos, Poupe Este Fim De Semana, Poupe Esta Semana",
        "Data_Coleta": "2025-06-01 01:41:30"
    },
    {
        "ID_Produto": "978112",
        "Categoria_Scraping": "promocoes",
        "Nome": "Farinha de Aveia Integral",
        "Marca": "Nacional",
        "Preco": 1.39,
        "Unidade_Info": "0.8 Kg | 1,74 €/Kg",
        "Categorias_GTM": "Poupe Esta Semana, Farinha e Fermento, Mercearia, Promoções, Categoria Referência SFCC",
        "Data_Coleta": "2025-06-01 01:41:30"
    },
    {
        "ID_Produto": "726039",
        "Categoria_Scraping": "promocoes",
        "Nome": "Desodorizante Spray Apollo",
        "Marca": "Axe",
        "Preco": 3.59,
        "Unidade_Info": "0.15 L | 23,93 €/L",
        "Categorias_GTM": "Categoria Referência SFCC, Corpo, Desodorizantes, Higiene Pessoal e Beleza, Poupe Esta Semana",
        "Data_Coleta": "2025-06-01 01:41:30"
    },
    {
        "ID_Produto": "802270",
        "Categoria_Scraping": "promocoes",
        "Nome": "Limpa Vidros em Spray Cristal Anti Embaciamento Ajax 500 ml",
        "Marca": "Ajax",
        "Preco": 1.97,
        "Unidade_Info": "0.5 L | 3,94 €/L",
        "Categorias_GTM": "Categoria Referência SFCC, Casa, Limpa Vidros e Madeiras, Limpeza da Casa, Poupe Esta Semana",
        "Data_Coleta": "2025-06-01 01:41:30"
    },
    {
        "ID_Produto": "920856",
        "Categoria_Scraping": "promocoes",
        "Nome": "Bolsas de Fruta Maçã e Pera",
        "Marca": "GoGo squeeZ",
        "Preco": 2.69,
        "Unidade_Info": "0.36 Kg | 7,47 €/Kg",
        "Categorias_GTM": "Poupe Esta Semana, Promoções, Aperitivos e Snacks, Bolsas de Fruta, Mercearia",
        "Data_Coleta": "2025-06-01 01:41:30"
    },
    {
        "ID_Produto": "905567",
        "Categoria_Scraping": "promocoes",
        "Nome": "Água com Gás Pack 4",
        "Marca": "Pedras Salgadas",
        "Preco": 2.19,
        "Unidade_Info": "4 x0.25 L | 2,19 €/L",
        "Categorias_GTM": "Água, Água com Gás, Bebidas, Poupe Esta Semana, Categoria Referência SFCC",
        "Data_Coleta": "2025-06-01 01:41:30"
    },
    {
        "ID_Produto": "582241",
        "Categoria_Scraping": "promocoes",
        "Nome": "Pescada da América do Sul a Granel Congelada",
        "Marca": "Nossa Peixaria",
        "Preco": 4.99,
        "Unidade_Info": "0.8 Kg",
        "Categorias_GTM": "Categoria Referência SFCC, Promoções, Congelados, Peixe, Peixe",
        "Data_Coleta": "2025-06-01 01:41:39"
    },
    {
        "ID_Produto": "653649",
        "Categoria_Scraping": "promocoes",
        "Nome": "Spray Multiusos Antibacteriano Power & Hygiene",
        "Marca": "Cif",
        "Preco": 2.69,
        "Unidade_Info": "0.75 L | 3,59 €/L",
        "Categorias_GTM": "Promoções, Poupe Esta Semana, Categoria Referência SFCC, Abrasivos, Casa",
        "Data_Coleta": "2025-06-01 01:41:39"
    },
    {
        "ID_Produto": "947316",
        "Categoria_Scraping": "promocoes",
        "Nome": "Medalhões de Pescada Congelados",
        "Marca": "Iglo",
        "Preco": 7.99,
        "Unidade_Info": "0.5 Kg | 15,98 €/Kg",
        "Categorias_GTM": "Congelados, Peixe, Postas, Filetes e Medalhões, Categoria Referência SFCC, Poupe Este Fim De Semana",
        "Data_Coleta": "2025-06-01 01:41:39"
    },
    {
        "ID_Produto": "802365",
        "Categoria_Scraping": "promocoes",
        "Nome": "Hambúrgueres de Vaca sem Glúten Congelados",
        "Marca": "Capitão Iglo",
        "Preco": 7.99,
        "Unidade_Info": "0.64 Kg | 12,48 €/Kg",
        "Categorias_GTM": "Categoria Referência SFCC, Poupe Esta Semana, Promoções, Congelados, Hambúgueres",
        "Data_Coleta": "2025-06-01 01:41:39"
    },
    {
        "ID_Produto": "936343",
        "Categoria_Scraping": "promocoes",
        "Nome": "Vinho Tinto Douro Lavradores de Feitoria Estrada Touriga Franca Reserva",
        "Marca": "Estrada",
        "Preco": 7.99,
        "Unidade_Info": "0.75 L | 10,65 €/L",
        "Categorias_GTM": "Categoria Referência SFCC, Bebidas, Vinho Tinto, Douro, Promoções",
        "Data_Coleta": "2025-06-01 01:41:39"
    },
    {
        "ID_Produto": "945711",
        "Categoria_Scraping": "promocoes",
        "Nome": "Vinho Branco Douro Quinta da Pacheca Raízes Reserva",
        "Marca": "Quinta da Pacheca",
        "Preco": 6.99,
        "Unidade_Info": "0.75 L | 9,32 €/L",
        "Categorias_GTM": "Categoria Referência SFCC, Douro, Bebidas, Vinho Branco, Poupe Esta Semana",
        "Data_Coleta": "2025-06-01 01:41:39"
    },
    {
        "ID_Produto": "965282",
        "Categoria_Scraping": "promocoes",
        "Nome": "Champô Elvive Hidra Hialurónico",
        "Marca": "Elvive",
        "Preco": 9.34,
        "Unidade_Info": "1 L | 9,34 €/L",
        "Categorias_GTM": "Cabelo, Champô, Higiene Pessoal e Beleza, Poupe Esta Semana, Promoções",
        "Data_Coleta": "2025-06-01 01:41:39"
    },
    {
        "ID_Produto": "608104",
        "Categoria_Scraping": "promocoes",
        "Nome": "Vinho Tinto Alentejo Private Selection Vale do Rico Homem",
        "Marca": "Vale do Rico Homem",
        "Preco": 7.99,
        "Unidade_Info": "3 L | 2,66 €/L",
        "Categorias_GTM": "Poupe Esta Semana, Promoções, Categoria Referência SFCC, Bebidas, Corrente",
        "Data_Coleta": "2025-06-01 01:41:39"
    },
    {
        "ID_Produto": "495869",
        "Categoria_Scraping": "promocoes",
        "Nome": "Snack para Cão Biscrok",
        "Marca": "Pedigree",
        "Preco": 3.49,
        "Unidade_Info": "0.5 Kg | 6,98 €/Kg",
        "Categorias_GTM": "Poupe Esta Semana, Categoria Referência SFCC, Promoções, Animais, Cão",
        "Data_Coleta": "2025-06-01 01:41:39"
    },
    {
        "ID_Produto": "893148",
        "Categoria_Scraping": "promocoes",
        "Nome": "Flocos de Cereais de Arroz sem Glúten 0% Açúcares",
        "Marca": "Nestum",
        "Preco": 3.19,
        "Unidade_Info": "0.25 Kg | 12,76 €/Kg",
        "Categorias_GTM": "Categoria Referência SFCC, Alimentação, Infantil, Papas, Poupe Este Fim De Semana",
        "Data_Coleta": "2025-06-01 01:41:39"
    },
    {
        "ID_Produto": "909945",
        "Categoria_Scraping": "promocoes",
        "Nome": "Cereais de Aveia Integral",
        "Marca": "Cheerios",
        "Preco": 2.99,
        "Unidade_Info": "0.3 Kg | 9,97 €/Kg",
        "Categorias_GTM": "Cereais e Barras, Infantis e Juvenis, Mercearia, Poupe Esta Semana, Promoções",
        "Data_Coleta": "2025-06-01 01:41:39"
    },
    {
        "ID_Produto": "977169",
        "Categoria_Scraping": "promocoes",
        "Nome": "Recarga Panos",
        "Marca": "Swiffer",
        "Preco": 3.59,
        "Unidade_Info": "20 Un | 0,18 €/Un",
        "Categorias_GTM": "Acessórios, Casa, Limpeza da Casa, Categoria Referência SFCC, Poupe Esta Semana",
        "Data_Coleta": "2025-06-01 01:41:39"
    },
    {
        "ID_Produto": "974695",
        "Categoria_Scraping": "promocoes",
        "Nome": "Granola Superior",
        "Marca": "Salutem",
        "Preco": 4.19,
        "Unidade_Info": "0.4 Kg | 10,48 €/Kg",
        "Categorias_GTM": "Alternativas Alimentares, Cereais de Pequeno-Almoço, Categoria Referência SFCC, Poupe Esta Semana, Promoções",
        "Data_Coleta": "2025-06-01 01:41:47"
    },
    {
        "ID_Produto": "383229",
        "Categoria_Scraping": "promocoes",
        "Nome": "Vinho Branco Alentejo Fundação",
        "Marca": "EA",
        "Preco": 3.99,
        "Unidade_Info": "0.75 L | 5,32 €/L",
        "Categorias_GTM": "Poupe Esta Semana, Promoções, Alentejo, Bebidas, Vinho Branco",
        "Data_Coleta": "2025-06-01 01:41:47"
    },
    {
        "ID_Produto": "907023",
        "Categoria_Scraping": "promocoes",
        "Nome": "Pistachio Torrado",
        "Marca": "Frutorra",
        "Preco": 3.09,
        "Unidade_Info": "0.175 Kg | 17,66 €/Kg",
        "Categorias_GTM": "Aperitivos e Snacks, Frutos Secos e Desidratados, Mercearia, Categoria Referência SFCC, Poupe Esta Semana",
        "Data_Coleta": "2025-06-01 01:41:47"
    },
    {
        "ID_Produto": "949802",
        "Categoria_Scraping": "promocoes",
        "Nome": "Gel de Banho Bebé Corpo e Cabelo",
        "Marca": "Cuida Bebé",
        "Preco": 2.79,
        "Unidade_Info": "0.75 L | 3,72 €/L",
        "Categorias_GTM": "As Nossas Marcas, Cuida Bebé, Categoria Referência SFCC, Poupe Esta Semana, Promoções",
        "Data_Coleta": "2025-06-01 01:41:47"
    },
    {
        "ID_Produto": "748143",
        "Categoria_Scraping": "promocoes",
        "Nome": "Gel de Banho Creme Care",
        "Marca": "Nivea",
        "Preco": 3.99,
        "Unidade_Info": "0.75 L | 5,32 €/L",
        "Categorias_GTM": "Corpo, Gel de Banho, Higiene Pessoal e Beleza, Categoria Referência SFCC, Poupe Este Fim De Semana",
        "Data_Coleta": "2025-06-01 01:41:47"
    },
    {
        "ID_Produto": "918013",
        "Categoria_Scraping": "promocoes",
        "Nome": "Arroz Basmati",
        "Marca": "Oriente",
        "Preco": 2.34,
        "Unidade_Info": "1 Kg | 2,34 €/Kg",
        "Categorias_GTM": "Categoria Referência SFCC, Arroz, Arroz e Massa, Mercearia, Poupe Esta Semana",
        "Data_Coleta": "2025-06-01 01:41:47"
    },
    {
        "ID_Produto": "965143",
        "Categoria_Scraping": "promocoes",
        "Nome": "Cereais Golden Grahams",
        "Marca": "Golden Grahams",
        "Preco": 3.19,
        "Unidade_Info": "0.375 Kg | 8,51 €/Kg",
        "Categorias_GTM": "Cereais e Barras, Infantis e Juvenis, Mercearia, Categoria Referência SFCC, Poupe Esta Semana",
        "Data_Coleta": "2025-06-01 01:41:47"
    },
    {
        "ID_Produto": "965720",
        "Categoria_Scraping": "promocoes",
        "Nome": "Detergente Máquina Roupa Cápsulas Active Cores",
        "Marca": "Skip",
        "Preco": 8.99,
        "Unidade_Info": "32 Dos | 0,28 €/Dos",
        "Categorias_GTM": "Casa, Detergente, Roupa, Poupe Esta Semana, Promoções",
        "Data_Coleta": "2025-06-01 01:41:47"
    },
    {
        "ID_Produto": "52137",
        "Categoria_Scraping": "promocoes",
        "Nome": "Cereais Corn Flakes",
        "Marca": "Kellogg's",
        "Preco": 3.49,
        "Unidade_Info": "0.5 Kg | 6,98 €/Kg",
        "Categorias_GTM": "N/A",
        "Data_Coleta": "2025-06-01 01:41:47"
    },
    {
        "ID_Produto": "971101",
        "Categoria_Scraping": "promocoes",
        "Nome": "Água com Gás Laranja Pack 4",
        "Marca": "Frize",
        "Preco": 2.09,
        "Unidade_Info": "4 x0.25 L | 2,09 €/L",
        "Categorias_GTM": "Poupe Esta Semana, Água, Água com Gás, Bebidas, Promoções",
        "Data_Coleta": "2025-06-01 01:41:47"
    },
    {
        "ID_Produto": "943772",
        "Categoria_Scraping": "promocoes",
        "Nome": "Água com Gás Ananás Pack 4",
        "Marca": "Frize",
        "Preco": 2.09,
        "Unidade_Info": "4 x0.25 L | 2,09 €/L",
        "Categorias_GTM": "Categoria Referência SFCC, Promoções, Poupe Esta Semana, Água, Água com Gás",
        "Data_Coleta": "2025-06-01 01:41:47"
    },
    {
        "ID_Produto": "815192004",
        "Categoria_Scraping": "promocoes",
        "Nome": "Iogurte Grego Stracciatella Pack 4",
        "Marca": "Oikos Danone",
        "Preco": 1.99,
        "Unidade_Info": "0.44 Kg | 4,52 €/Kg",
        "Categorias_GTM": "Categoria Referência SFCC, Frigorífico, Gregos, Iogurtes, Poupe Esta Semana",
        "Data_Coleta": "2025-06-01 01:41:47"
    },
    {
        "ID_Produto": "959551",
        "Categoria_Scraping": "promocoes",
        "Nome": "2 Filtros Maxtra Pro",
        "Marca": "Brita",
        "Preco": 12.99,
        "Unidade_Info": "N/A",
        "Categorias_GTM": "Bazar, Pequenos Domésticos, Poupe Esta Semana, Promoções, Categoria Referência SFCC",
        "Data_Coleta": "2025-06-01 01:41:56"
    },
    {
        "ID_Produto": "879048",
        "Categoria_Scraping": "promocoes",
        "Nome": "Pasta de Dentes Sensibilidade & Gengivas",
        "Marca": "Sensodyne",
        "Preco": 3.94,
        "Unidade_Info": "0.075 L | 52,53 €/L",
        "Categorias_GTM": "Higiene Oral, Higiene Pessoal e Beleza, Pasta de Dentes, Categoria Referência SFCC, Poupe Esta Semana",
        "Data_Coleta": "2025-06-01 01:41:56"
    },
    {
        "ID_Produto": "946124",
        "Categoria_Scraping": "promocoes",
        "Nome": "Snacks de Cereais de Banana",
        "Marca": "Gerber",
        "Preco": 1.75,
        "Unidade_Info": "0.035 Kg | 50 €/Kg",
        "Categorias_GTM": "Alimentação, Infantil, Snacks e Bolachas, Categoria Referência SFCC, Poupe Esta Semana",
        "Data_Coleta": "2025-06-01 01:41:56"
    },
    {
        "ID_Produto": "272437",
        "Categoria_Scraping": "promocoes",
        "Nome": "Leite Infantil Crescimento 1 a 3 anos",
        "Marca": "Mimosa",
        "Preco": 1.79,
        "Unidade_Info": "1 L | 1,79 €/L",
        "Categorias_GTM": "Alimentação, Infantil, Leites Infantis, Categoria Referência SFCC, Poupe Este Fim De Semana",
        "Data_Coleta": "2025-06-01 01:41:56"
    },
    {
        "ID_Produto": "697207",
        "Categoria_Scraping": "promocoes",
        "Nome": "Néctar 8 Frutos",
        "Marca": "Um Bongo",
        "Preco": 1.35,
        "Unidade_Info": "1 L | 1,35 €/L",
        "Categorias_GTM": "Categoria Referência SFCC, Bebidas, Sumos e Néctares, Poupe Esta Semana, Promoções",
        "Data_Coleta": "2025-06-01 01:41:56"
    },
    {
        "ID_Produto": "948361",
        "Categoria_Scraping": "promocoes",
        "Nome": "Vinho Tinto Douro Adegas de Freixo Montes Ermos",
        "Marca": "Montes Ermos",
        "Preco": 2.99,
        "Unidade_Info": "0.75 L | 3,99 €/L",
        "Categorias_GTM": "Categoria Referência SFCC, Poupe Esta Semana, Bebidas, Douro, Vinho Tinto",
        "Data_Coleta": "2025-06-01 01:41:56"
    },
    {
        "ID_Produto": "739595",
        "Categoria_Scraping": "promocoes",
        "Nome": "Tira Nódoas Gel Gold Power",
        "Marca": "Vanish",
        "Preco": 3.99,
        "Unidade_Info": "0.2 L | 19,95 €/L",
        "Categorias_GTM": "Categoria Referência SFCC, Aditivos, Casa, Roupa, Promoções",
        "Data_Coleta": "2025-06-01 01:41:56"
    },
    {
        "ID_Produto": "842638",
        "Categoria_Scraping": "promocoes",
        "Nome": "Vinho Rosé Frizante 3 Amigos",
        "Marca": "3 Amigos",
        "Preco": 1.64,
        "Unidade_Info": "0.75 L | 2,19 €/L",
        "Categorias_GTM": "Categoria Referência SFCC, Bebidas, Champanhe e Espumante, Promoções, Poupe Esta Semana",
        "Data_Coleta": "2025-06-01 01:41:56"
    },
    {
        "ID_Produto": "755145",
        "Categoria_Scraping": "promocoes",
        "Nome": "Ketchup Top Down",
        "Marca": "Calvé",
        "Preco": 2.59,
        "Unidade_Info": "0.55 Kg | 4,71 €/Kg",
        "Categorias_GTM": "Categoria Referência SFCC, Maionese, Mostarda e Ketchup, Mercearia, Temperos, Poupe Esta Semana",
        "Data_Coleta": "2025-06-01 01:41:56"
    },
    {
        "ID_Produto": "726782",
        "Categoria_Scraping": "promocoes",
        "Nome": "Morango Embalado",
        "Marca": "Nossa Fruta e Legumes",
        "Preco": 1.99,
        "Unidade_Info": "0.4 Kg | 4,97 €/Kg",
        "Categorias_GTM": "Categoria Referência SFCC, Frutas, Frutas e Vegetais, Poupe Este Fim De Semana, Poupe Esta Semana",
        "Data_Coleta": "2025-06-01 01:41:56"
    },
    {
        "ID_Produto": "55519",
        "Categoria_Scraping": "promocoes",
        "Nome": "Néctar de Laranja, Cenoura e Manga Antiox",
        "Marca": "Compal Vital Equilíbrio",
        "Preco": 1.43,
        "Unidade_Info": "1 L | 1,43 €/L",
        "Categorias_GTM": "Categoria Referência SFCC, Bebidas, Sumos e Néctares, Poupe Esta Semana, Promoções",
        "Data_Coleta": "2025-06-01 01:41:56"
    },
    {
        "ID_Produto": "702836",
        "Categoria_Scraping": "promocoes",
        "Nome": "Pensos Incontinência Maxi Night",
        "Marca": "Tena",
        "Preco": 6.34,
        "Unidade_Info": "12 Un | 0,53 €/Un",
        "Categorias_GTM": "Poupe Esta Semana, Categoria Referência SFCC, Fraldas e Cuecas, Higiene Pessoal e Beleza, Incontinência",
        "Data_Coleta": "2025-06-01 01:41:56"
    },
    {
        "ID_Produto": "983298",
        "Categoria_Scraping": "promocoes",
        "Nome": "Fraldas Sensitive Carry Pack T1",
        "Marca": "Dodot",
        "Preco": 12.69,
        "Unidade_Info": "58 Un | 0,22 €/Un",
        "Categorias_GTM": "Fraldas, Infantil, Promoções, Poupe Esta Semana, Categoria Referência SFCC",
        "Data_Coleta": "2025-06-01 01:42:06"
    },
    {
        "ID_Produto": "644660",
        "Categoria_Scraping": "promocoes",
        "Nome": "Bacon em Tiras",
        "Marca": "Marion",
        "Preco": 1.85,
        "Unidade_Info": "0.13 Kg | 14,23 €/Kg",
        "Categorias_GTM": "Categoria Referência SFCC, Bacon, Charcutaria, Poupe Esta Semana, Promoções",
        "Data_Coleta": "2025-06-01 01:42:06"
    },
    {
        "ID_Produto": "839107",
        "Categoria_Scraping": "promocoes",
        "Nome": "Lava Tudo Magic Lavanda",
        "Marca": "Sonasol",
        "Preco": 2.09,
        "Unidade_Info": "1.3 L | 1,61 €/L",
        "Categorias_GTM": "Poupe Esta Semana, Casa, Lava Tudo, Limpeza da Casa, Categoria Referência SFCC",
        "Data_Coleta": "2025-06-01 01:42:06"
    },
    {
        "ID_Produto": "955832",
        "Categoria_Scraping": "promocoes",
        "Nome": "Fraldas Extra Care & Dry 4-10kg T3",
        "Marca": "Cuida Bebé",
        "Preco": 9.99,
        "Unidade_Info": "86 Un | 0,12 €/Un",
        "Categorias_GTM": "As Nossas Marcas, Cuida Bebé, Categoria Referência SFCC, Poupe Esta Semana, Promoções",
        "Data_Coleta": "2025-06-01 01:42:06"
    },
    {
        "ID_Produto": "838425",
        "Categoria_Scraping": "promocoes",
        "Nome": "Caju Frito com Sal",
        "Marca": "Frutorra",
        "Preco": 3.29,
        "Unidade_Info": "0.2 Kg | 16,45 €/Kg",
        "Categorias_GTM": "Aperitivos e Snacks, Frutos Secos e Desidratados, Mercearia, Promoções, Poupe Esta Semana",
        "Data_Coleta": "2025-06-01 01:42:06"
    },
    {
        "ID_Produto": "554003",
        "Categoria_Scraping": "promocoes",
        "Nome": "Abrilhantador Máquina da Loiça",
        "Marca": "Finish",
        "Preco": 4.99,
        "Unidade_Info": "0.4 L | 12,48 €/L",
        "Categorias_GTM": "Categoria Referência SFCC, Aditivos, Sal e Abrilhantadores, Casa, Loiça, Poupe Esta Semana",
        "Data_Coleta": "2025-06-01 01:42:06"
    },
    {
        "ID_Produto": "744828",
        "Categoria_Scraping": "promocoes",
        "Nome": "Fraldas Incontinência Elásticas Noite Tamanho Grande",
        "Marca": "Lindor",
        "Preco": 23.79,
        "Unidade_Info": "46 Un | 0,52 €/Un",
        "Categorias_GTM": "Promoções, Categoria Referência SFCC, Fraldas e Cuecas, Higiene Pessoal e Beleza, Incontinência",
        "Data_Coleta": "2025-06-01 01:42:06"
    },
    {
        "ID_Produto": "724364",
        "Categoria_Scraping": "promocoes",
        "Nome": "Recarga Ambientador Elétrico Duo Baunilha e Orquídea",
        "Marca": "Air Wick",
        "Preco": 5.49,
        "Unidade_Info": "2 Un | 2,75 €/Un",
        "Categorias_GTM": "Poupe Esta Semana, Categoria Referência SFCC, Ambientadores, Ambientadores, Casa",
        "Data_Coleta": "2025-06-01 01:42:06"
    },
    {
        "ID_Produto": "930308",
        "Categoria_Scraping": "promocoes",
        "Nome": "Gelado Mini Chocolate Clássico, Amêndoa e Chocolate Branco",
        "Marca": "Magnum",
        "Preco": 5.69,
        "Unidade_Info": "0.55 L | 10,35 €/L",
        "Categorias_GTM": "Congelados, Gelados, Categoria Referência SFCC, Poupe Este Fim De Semana, Poupe Esta Semana",
        "Data_Coleta": "2025-06-01 01:42:06"
    },
    {
        "ID_Produto": "700832",
        "Categoria_Scraping": "promocoes",
        "Nome": "Bolo Planetus",
        "Marca": "Manhãzitos",
        "Preco": 2.99,
        "Unidade_Info": "0.315 Kg | 9,49 €/Kg",
        "Categorias_GTM": "Categoria Referência SFCC, Bolos e Tortas, Mercearia, Pão e Bolos Embalados, Poupe Este Fim De Semana",
        "Data_Coleta": "2025-06-01 01:42:06"
    },
    {
        "ID_Produto": "913444",
        "Categoria_Scraping": "promocoes",
        "Nome": "Bloco Sanitário Poder Activo Pinho",
        "Marca": "Bref Sonasol",
        "Preco": 5.49,
        "Unidade_Info": "4 Un | 1,37 €/Un",
        "Categorias_GTM": "Blocos Sanitários, Casa, Limpeza da Casa, Poupe Esta Semana, Promoções",
        "Data_Coleta": "2025-06-01 01:42:06"
    },
    {
        "ID_Produto": "897563",
        "Categoria_Scraping": "promocoes",
        "Nome": "Spray Desengordurante Líxivia & Higiene",
        "Marca": "Cillit Bang",
        "Preco": 2.49,
        "Unidade_Info": "0.5 L | 4,98 €/L",
        "Categorias_GTM": "Categoria Referência SFCC, Abrasivos, Casa, Limpeza da Casa, Poupe Esta Semana",
        "Data_Coleta": "2025-06-01 01:42:06"
    },
    {
        "ID_Produto": "844603",
        "Categoria_Scraping": "promocoes",
        "Nome": "Penso Higiénico Liberty Super com Abas",
        "Marca": "Evax",
        "Preco": 2.79,
        "Unidade_Info": "10 Un | 0,28 €/Un",
        "Categorias_GTM": "Categoria Referência SFCC, Poupe Esta Semana, Promoções, Higiene Íntima, Higiene Pessoal e Beleza",
        "Data_Coleta": "2025-06-01 01:42:15"
    },
    {
        "ID_Produto": "921584",
        "Categoria_Scraping": "promocoes",
        "Nome": "Comida Húmida para Gato Mousse de Carnes",
        "Marca": "Purina Gourmet Gold",
        "Preco": 11.99,
        "Unidade_Info": "2.04 Kg | 5,88 €/Kg",
        "Categorias_GTM": "Animais, Comida Húmida, Gato, Categoria Referência SFCC, Poupe Esta Semana",
        "Data_Coleta": "2025-06-01 01:42:15"
    },
    {
        "ID_Produto": "818864",
        "Categoria_Scraping": "promocoes",
        "Nome": "Cápsulas de Café Nespresso Aromática",
        "Marca": "Chave D'Ouro",
        "Preco": 1.99,
        "Unidade_Info": "10 Un | 0,2 €/Un",
        "Categorias_GTM": "N/A",
        "Data_Coleta": "2025-06-01 01:42:15"
    },
    {
        "ID_Produto": "928489",
        "Categoria_Scraping": "promocoes",
        "Nome": "Bolsa Puré de Fruta Frutos Variados +6 Meses",
        "Marca": "Blédina",
        "Preco": 3.74,
        "Unidade_Info": "0.76 Kg | 4,92 €/Kg",
        "Categorias_GTM": "Alimentação, Purés de Fruta e Sobremesas, Infantil, Poupe Esta Semana, Promoções",
        "Data_Coleta": "2025-06-01 01:42:15"
    },
    {
        "ID_Produto": "929689",
        "Categoria_Scraping": "promocoes",
        "Nome": "Comida Seca Active Vaca",
        "Marca": "Friskies",
        "Preco": 24.59,
        "Unidade_Info": "14 Kg | 1,76 €/Kg",
        "Categorias_GTM": "Animais, Cão, Comida Seca, Poupe Esta Semana, Promoções",
        "Data_Coleta": "2025-06-01 01:42:15"
    },
    {
        "ID_Produto": "974255",
        "Categoria_Scraping": "promocoes",
        "Nome": "Água com Gás Limão Lata",
        "Marca": "Pedras Salgadas",
        "Preco": 0.75,
        "Unidade_Info": "0.33 L | 2,27 €/L",
        "Categorias_GTM": "Promoções, Água, Água com Gás, Bebidas, Poupe Esta Semana",
        "Data_Coleta": "2025-06-01 01:42:15"
    },
    {
        "ID_Produto": "650926",
        "Categoria_Scraping": "promocoes",
        "Nome": "Rolo de Cozinha Decorado XXL 2=4 Rolos",
        "Marca": "Renova",
        "Preco": 1.79,
        "Unidade_Info": "2 Un | 0,9 €/Un",
        "Categorias_GTM": "Categoria Referência SFCC, Casa, Rolos de Cozinha, Poupe Este Fim De Semana, Poupe Esta Semana",
        "Data_Coleta": "2025-06-01 01:42:15"
    },
    {
        "ID_Produto": "935259002",
        "Categoria_Scraping": "promocoes",
        "Nome": "Iogurte Líquido Cremoso Morango e Banana Pack 8",
        "Marca": "Mimosa",
        "Preco": 2.69,
        "Unidade_Info": "8 x0.151 L | 2,23 €/L",
        "Categorias_GTM": "Frigorífico, Iogurtes, Líquidos, Categoria Referência SFCC, Promoções",
        "Data_Coleta": "2025-06-01 01:42:15"
    },
    {
        "ID_Produto": "968073",
        "Categoria_Scraping": "promocoes",
        "Nome": "Whisky Irlandês Bushmills",
        "Marca": "Bushmills",
        "Preco": 23.99,
        "Unidade_Info": "1 L | 23,99 €/L",
        "Categorias_GTM": "Bebidas, Whisky, Whisky e Espirituosas, Categoria Referência SFCC, Poupe Este Fim De Semana",
        "Data_Coleta": "2025-06-01 01:42:15"
    },
    {
        "ID_Produto": "640183",
        "Categoria_Scraping": "promocoes",
        "Nome": "Dry Gin Bombay",
        "Marca": "Bombay",
        "Preco": 14.79,
        "Unidade_Info": "0.7 L | 21,13 €/L",
        "Categorias_GTM": "Categoria Referência SFCC, Bebidas, Vodka e Gin, Whisky e Espirituosas, Poupe Esta Semana",
        "Data_Coleta": "2025-06-01 01:42:15"
    },
    {
        "ID_Produto": "703061",
        "Categoria_Scraping": "promocoes",
        "Nome": "Desodorizante em Spray Invisible Black&White Original",
        "Marca": "Nivea",
        "Preco": 2.64,
        "Unidade_Info": "0.15 L | 17,6 €/L",
        "Categorias_GTM": "Categoria Referência SFCC, Corpo, Desodorizantes, Higiene Pessoal e Beleza, Poupe Esta Semana",
        "Data_Coleta": "2025-06-01 01:42:15"
    },
    {
        "ID_Produto": "928361",
        "Categoria_Scraping": "promocoes",
        "Nome": "Salsichas de Aves Familiar",
        "Marca": "Izidoro",
        "Preco": 3.24,
        "Unidade_Info": "0.36 Kg | 9 €/Kg",
        "Categorias_GTM": "Conservas, Mercearia, Salsichas, Categoria Referência SFCC, Promoções",
        "Data_Coleta": "2025-06-01 01:42:15"
    },
    {
        "ID_Produto": "846082",
        "Categoria_Scraping": "promocoes",
        "Nome": "Tapioca Hidratada",
        "Marca": "Da Terrinha",
        "Preco": 2.59,
        "Unidade_Info": "0.5 Kg | 5,18 €/Kg",
        "Categorias_GTM": "Categoria Referência SFCC, Mercearia, Sobremesas, Poupe Esta Semana, Promoções",
        "Data_Coleta": "2025-06-01 01:42:24"
    },
    {
        "ID_Produto": "899772",
        "Categoria_Scraping": "promocoes",
        "Nome": "Bloco Sanitário Duplo Purple Active Lavanda",
        "Marca": "Bref Sonasol",
        "Preco": 2.99,
        "Unidade_Info": "2 Un | 1,5 €/Un",
        "Categorias_GTM": "Promoções, Poupe Esta Semana, Categoria Referência SFCC, Blocos Sanitários, Casa",
        "Data_Coleta": "2025-06-01 01:42:24"
    },
    {
        "ID_Produto": "639006",
        "Categoria_Scraping": "promocoes",
        "Nome": "Fraldas Drynites Menina 8-15 Anos",
        "Marca": "Huggies",
        "Preco": 5.99,
        "Unidade_Info": "9 Un | 0,67 €/Un",
        "Categorias_GTM": "Promoções, Categoria Referência SFCC, Fraldas, Infantil, Poupe Esta Semana",
        "Data_Coleta": "2025-06-01 01:42:24"
    },
    {
        "ID_Produto": "475855",
        "Categoria_Scraping": "promocoes",
        "Nome": "Gel Sanitário Active Fresh Pinho",
        "Marca": "Harpic",
        "Preco": 1.99,
        "Unidade_Info": "0.75 L | 2,65 €/L",
        "Categorias_GTM": "Poupe Esta Semana, Categoria Referência SFCC, Abrasivos, Casa, Limpeza da Casa",
        "Data_Coleta": "2025-06-01 01:42:24"
    },
    {
        "ID_Produto": "876481",
        "Categoria_Scraping": "promocoes",
        "Nome": "Natas UHT",
        "Marca": "Gresso",
        "Preco": 0.85,
        "Unidade_Info": "0.2 L | 4,25 €/L",
        "Categorias_GTM": "Leite, Natas e Ovos, Natas, Béchamel e Chantilly, Categoria Referência SFCC, Poupe Esta Semana, Promoções",
        "Data_Coleta": "2025-06-01 01:42:24"
    },
    {
        "ID_Produto": "882330",
        "Categoria_Scraping": "promocoes",
        "Nome": "Inseticida Elétrico",
        "Marca": "Raid",
        "Preco": 11.99,
        "Unidade_Info": "1 Un | 11,99 €/Un",
        "Categorias_GTM": "Poupe Esta Semana, Casa, Inseticidas, Promoções, Categoria Referência SFCC",
        "Data_Coleta": "2025-06-01 01:42:24"
    },
    {
        "ID_Produto": "840453",
        "Categoria_Scraping": "promocoes",
        "Nome": "Cerveja sem Álcool Mini Pack 6",
        "Marca": "Super Bock",
        "Preco": 2.99,
        "Unidade_Info": "6 x0.2 L | 2,49 €/L",
        "Categorias_GTM": "Categoria Referência SFCC, Poupe Esta Semana, Bebidas, Cerveja, Sem Álcool",
        "Data_Coleta": "2025-06-01 01:42:24"
    },
    {
        "ID_Produto": "492563",
        "Categoria_Scraping": "promocoes",
        "Nome": "Azeite Virgem Extra DOP",
        "Marca": "Moura",
        "Preco": 6.29,
        "Unidade_Info": "0.75 L | 8,39 €/L",
        "Categorias_GTM": "Categoria Referência SFCC, Azeite, Azeite, Óleo e Vinagre, Mercearia, Poupe Este Fim De Semana",
        "Data_Coleta": "2025-06-01 01:42:24"
    },
    {
        "ID_Produto": "512699",
        "Categoria_Scraping": "promocoes",
        "Nome": "Água sem Gás",
        "Marca": "Vitalis",
        "Preco": 0.33,
        "Unidade_Info": "0.5 L | 0,66 €/L",
        "Categorias_GTM": "Água, Água sem Gás, Bebidas, Categoria Referência SFCC, Promoções",
        "Data_Coleta": "2025-06-01 01:42:24"
    },
    {
        "ID_Produto": "962316",
        "Categoria_Scraping": "promocoes",
        "Nome": "Detergente Loiça Manual Poder Limão Verde",
        "Marca": "Cif",
        "Preco": 1.99,
        "Unidade_Info": "1 L | 1,99 €/L",
        "Categorias_GTM": "Promoções, Poupe Esta Semana, Casa, Detergente Manual, Loiça",
        "Data_Coleta": "2025-06-01 01:42:24"
    },
    {
        "ID_Produto": "955354",
        "Categoria_Scraping": "promocoes",
        "Nome": "Comida Seca para Gato Esterelizado Salmão",
        "Marca": "Purina One",
        "Preco": 15.59,
        "Unidade_Info": "2.8 Kg | 5,57 €/Kg",
        "Categorias_GTM": "Categoria Referência SFCC, Animais, Comida Seca, Gato, Poupe Este Fim De Semana",
        "Data_Coleta": "2025-06-01 01:42:24"
    },
    {
        "ID_Produto": "923201",
        "Categoria_Scraping": "promocoes",
        "Nome": "Gelado Mini Double Gold Caramelo Billionaire",
        "Marca": "Magnum",
        "Preco": 4.49,
        "Unidade_Info": "0.33 L | 13,61 €/L",
        "Categorias_GTM": "Congelados, Gelados, Categoria Referência SFCC, Poupe Este Fim De Semana, Poupe Esta Semana",
        "Data_Coleta": "2025-06-01 01:42:24"
    },
    {
        "ID_Produto": "887363",
        "Categoria_Scraping": "promocoes",
        "Nome": "Bolsa de Fruta Maçã e Banana",
        "Marca": "GoGo squeeZ",
        "Preco": 2.69,
        "Unidade_Info": "0.36 Kg | 7,47 €/Kg",
        "Categorias_GTM": "Aperitivos e Snacks, Bolsas de Fruta, Mercearia, Poupe Esta Semana, Promoções",
        "Data_Coleta": "2025-06-01 01:42:34"
    },
    {
        "ID_Produto": "955356",
        "Categoria_Scraping": "promocoes",
        "Nome": "Comida Seca para Gato Sterilcat HairBall",
        "Marca": "Purina One",
        "Preco": 15.59,
        "Unidade_Info": "2.8 Kg | 5,57 €/Kg",
        "Categorias_GTM": "Categoria Referência SFCC, Animais, Comida Seca, Gato, Poupe Este Fim De Semana",
        "Data_Coleta": "2025-06-01 01:42:34"
    },
    {
        "ID_Produto": "930674",
        "Categoria_Scraping": "promocoes",
        "Nome": "Néctar Manga e Laranja Pack 3",
        "Marca": "Compal Vital Equilíbrio",
        "Preco": 1.35,
        "Unidade_Info": "3 x0.2 L | 2,25 €/L",
        "Categorias_GTM": "Bebidas, Sumos e Néctares, Categoria Referência SFCC, Poupe Este Fim De Semana, Poupe Esta Semana",
        "Data_Coleta": "2025-06-01 01:42:34"
    },
    {
        "ID_Produto": "977943",
        "Categoria_Scraping": "promocoes",
        "Nome": "Pastilhas para Máquina Loiça Quantum Limão",
        "Marca": "Finish",
        "Preco": 5.99,
        "Unidade_Info": "28 Un | 0,21 €/Un",
        "Categorias_GTM": "Promoções, Casa, Detergente Máquina, Loiça, Poupe Esta Semana",
        "Data_Coleta": "2025-06-01 01:42:34"
    },
    {
        "ID_Produto": "254218",
        "Categoria_Scraping": "promocoes",
        "Nome": "Corvina Fresca",
        "Marca": "Nossa Peixaria",
        "Preco": 8.99,
        "Unidade_Info": "2.6 Kg",
        "Categorias_GTM": "Peixaria, Peixe, Categoria Referência SFCC, Poupe Este Fim De Semana, Promoções",
        "Data_Coleta": "2025-06-01 01:42:34"
    },
    {
        "ID_Produto": "901450",
        "Categoria_Scraping": "promocoes",
        "Nome": "Cápsulas de Café Nespresso Intenso",
        "Marca": "Buondi",
        "Preco": 3.29,
        "Unidade_Info": "10 Un | 0,33 €/Un",
        "Categorias_GTM": "Poupe Esta Semana, Promoções, Categoria Referência SFCC, Café, Chá e Bebidas Quentes, Cápsulas de Café",
        "Data_Coleta": "2025-06-01 01:42:34"
    },
    {
        "ID_Produto": "938983",
        "Categoria_Scraping": "promocoes",
        "Nome": "Condicionador Elvive Hidra Hialurónico",
        "Marca": "L'Oréal Paris",
        "Preco": 3.89,
        "Unidade_Info": "0.3 L | 12,97 €/L",
        "Categorias_GTM": "N/A",
        "Data_Coleta": "2025-06-01 01:42:34"
    },
    {
        "ID_Produto": "937369",
        "Categoria_Scraping": "promocoes",
        "Nome": "Bagels com Sementes",
        "Marca": "Bimbo",
        "Preco": 2.34,
        "Unidade_Info": "0.3 Kg | 7,8 €/Kg",
        "Categorias_GTM": "Mercearia, Pão e Bolos Embalados, Promoções, Categoria Referência SFCC, Poupe Esta Semana",
        "Data_Coleta": "2025-06-01 01:42:34"
    },
    {
        "ID_Produto": "884215",
        "Categoria_Scraping": "promocoes",
        "Nome": "Fotoprotetor Fusion Fluid SPF 50+",
        "Marca": "Isdin Foto",
        "Preco": 22.79,
        "Unidade_Info": "0.05 L | 455,8 €/L",
        "Categorias_GTM": "Poupe Esta Semana, Promoções, Higiene e Beleza, Parafarmácia, Proteção Solar",
        "Data_Coleta": "2025-06-01 01:42:34"
    },
    {
        "ID_Produto": "977946",
        "Categoria_Scraping": "promocoes",
        "Nome": "Pastilhas para Máquina Loiça Quantum Limão",
        "Marca": "Finish",
        "Preco": 12.49,
        "Unidade_Info": "64 Un | 0,2 €/Un",
        "Categorias_GTM": "Promoções, Casa, Detergente Máquina, Loiça, Poupe Esta Semana",
        "Data_Coleta": "2025-06-01 01:42:34"
    },
    {
        "ID_Produto": "857719",
        "Categoria_Scraping": "promocoes",
        "Nome": "Pasta de Dentes Proteção de Cáries Branqueadora",
        "Marca": "Aquafresh",
        "Preco": 3.49,
        "Unidade_Info": "0.15 L | 23,27 €/L",
        "Categorias_GTM": "Promoções, Higiene Oral, Higiene Pessoal e Beleza, Pasta de Dentes, Poupe Esta Semana",
        "Data_Coleta": "2025-06-01 01:42:34"
    },
    {
        "ID_Produto": "881437",
        "Categoria_Scraping": "promocoes",
        "Nome": "Água com Gás Maracujá Pack 4",
        "Marca": "Pedras Salgadas",
        "Preco": 2.19,
        "Unidade_Info": "4 x0.25 L | 2,19 €/L",
        "Categorias_GTM": "Água, Água com Gás, Bebidas, Promoções, Poupe Esta Semana",
        "Data_Coleta": "2025-06-01 01:42:34"
    },
    {
        "ID_Produto": "958961",
        "Categoria_Scraping": "promocoes",
        "Nome": "Bolachas Marinheiras com Chia",
        "Marca": "Nacional",
        "Preco": 1.84,
        "Unidade_Info": "0.2 Kg | 9,2 €/Kg",
        "Categorias_GTM": "Promoções, Poupe Esta Semana, Bolachas, Mercearia, Salgadas",
        "Data_Coleta": "2025-06-01 01:42:44"
    },
    {
        "ID_Produto": "773673",
        "Categoria_Scraping": "promocoes",
        "Nome": "Bolo Planetus com -50% Açúcares",
        "Marca": "Manhãzitos",
        "Preco": 2.44,
        "Unidade_Info": "0.21 Kg | 11,62 €/Kg",
        "Categorias_GTM": "Bolos e Tortas, Mercearia, Pão e Bolos Embalados, Categoria Referência SFCC, Poupe Esta Semana",
        "Data_Coleta": "2025-06-01 01:42:44"
    },
    {
        "ID_Produto": "946123",
        "Categoria_Scraping": "promocoes",
        "Nome": "Snacks de Cereais de Framboesa",
        "Marca": "Gerber",
        "Preco": 1.75,
        "Unidade_Info": "0.035 Kg | 50 €/Kg",
        "Categorias_GTM": "Alimentação, Infantil, Snacks e Bolachas, Categoria Referência SFCC, Poupe Este Fim De Semana",
        "Data_Coleta": "2025-06-01 01:42:44"
    },
    {
        "ID_Produto": "671030",
        "Categoria_Scraping": "promocoes",
        "Nome": "Gelados Perna de Pau",
        "Marca": "Olá",
        "Preco": 2.99,
        "Unidade_Info": "0.42 L | 7,12 €/L",
        "Categorias_GTM": "Categoria Referência SFCC, Congelados, Gelados, Poupe Esta Semana, Promoções",
        "Data_Coleta": "2025-06-01 01:42:44"
    },
    {
        "ID_Produto": "935395",
        "Categoria_Scraping": "promocoes",
        "Nome": "Mopa Kit Duplo Panos  Seco e Húmidos",
        "Marca": "Swiffer",
        "Preco": 13.98,
        "Unidade_Info": "11 Un | 1,27 €/Un",
        "Categorias_GTM": "Poupe Esta Semana, Categoria Referência SFCC, Acessórios, Casa, Limpeza da Casa",
        "Data_Coleta": "2025-06-01 01:42:44"
    },
    {
        "ID_Produto": "866032",
        "Categoria_Scraping": "promocoes",
        "Nome": "Toalhitas Bebé Sensitive Cuida Bebé",
        "Marca": "Cuida Bebé",
        "Preco": 3.49,
        "Unidade_Info": "192 Un | 0,02 €/Un",
        "Categorias_GTM": "Infantil, Toalhitas, As Nossas Marcas, Cuida Bebé, Poupe Esta Semana",
        "Data_Coleta": "2025-06-01 01:42:44"
    },
    {
        "ID_Produto": "828834",
        "Categoria_Scraping": "promocoes",
        "Nome": "Flocos de Cereais com Chocolate",
        "Marca": "Nestum",
        "Preco": 2.24,
        "Unidade_Info": "0.25 Kg | 8,96 €/Kg",
        "Categorias_GTM": "Alimentação, Infantil, Papas, Categoria Referência SFCC, Poupe Esta Semana",
        "Data_Coleta": "2025-06-01 01:42:44"
    },
    {
        "ID_Produto": "907195",
        "Categoria_Scraping": "promocoes",
        "Nome": "Ice Tea Limão Zero Açúcar",
        "Marca": "Lipton",
        "Preco": 2.39,
        "Unidade_Info": "2 L | 1,2 €/L",
        "Categorias_GTM": "Bebidas, Ice Tea, Poupe Esta Semana, Promoções, Categoria Referência SFCC",
        "Data_Coleta": "2025-06-01 01:42:44"
    },
    {
        "ID_Produto": "747807",
        "Categoria_Scraping": "promocoes",
        "Nome": "Água Mineral",
        "Marca": "Luso",
        "Preco": 1.99,
        "Unidade_Info": "7 L | 0,28 €/L",
        "Categorias_GTM": "Poupe Este Fim De Semana",
        "Data_Coleta": "2025-06-01 01:42:44"
    },
    {
        "ID_Produto": "804326",
        "Categoria_Scraping": "promocoes",
        "Nome": "Gel de Banho Lactourea",
        "Marca": "Lactovit",
        "Preco": 2.99,
        "Unidade_Info": "0.65 L | 4,6 €/L",
        "Categorias_GTM": "Poupe Esta Semana, Categoria Referência SFCC, Promoções, Corpo, Gel de Banho",
        "Data_Coleta": "2025-06-01 01:42:44"
    },
    {
        "ID_Produto": "742439",
        "Categoria_Scraping": "promocoes",
        "Nome": "Pão de Aveia",
        "Marca": "Nossa Padaria",
        "Preco": 1.49,
        "Unidade_Info": "0.35 Kg | 4,26 €/Kg",
        "Categorias_GTM": "Pão Embalado, Categoria Referência SFCC, Padaria e Pastelaria, Poupe Esta Semana, Promoções",
        "Data_Coleta": "2025-06-01 01:42:44"
    },
    {
        "ID_Produto": "80906",
        "Categoria_Scraping": "promocoes",
        "Nome": "Leite UHT Magro",
        "Marca": "Gresso",
        "Preco": 0.87,
        "Unidade_Info": "1 L | 0,87 €/L",
        "Categorias_GTM": "Categoria Referência SFCC, Leite Magro, Leite, Natas e Ovos, Poupe Esta Semana, Promoções",
        "Data_Coleta": "2025-06-01 01:42:44"
    },
    {
        "ID_Produto": "842628",
        "Categoria_Scraping": "promocoes",
        "Nome": "Vinho Branco Frisante 3 Amigos",
        "Marca": "3 Amigos",
        "Preco": 1.64,
        "Unidade_Info": "0.75 L | 2,19 €/L",
        "Categorias_GTM": "Categoria Referência SFCC, Poupe Esta Semana, Bebidas, Champanhe e Espumante, Promoções",
        "Data_Coleta": "2025-06-01 01:42:54"
    },
    {
        "ID_Produto": "874262",
        "Categoria_Scraping": "promocoes",
        "Nome": "Miolo de Avelã Torrada",
        "Marca": "Frutorra",
        "Preco": 3.49,
        "Unidade_Info": "0.2 Kg | 17,45 €/Kg",
        "Categorias_GTM": "Categoria Referência SFCC, Aperitivos e Snacks, Frutos Secos e Desidratados, Mercearia, Poupe Esta Semana",
        "Data_Coleta": "2025-06-01 01:42:54"
    },
    {
        "ID_Produto": "546140",
        "Categoria_Scraping": "promocoes",
        "Nome": "Cerveja sem Álcool Preta Pack 6",
        "Marca": "Super Bock",
        "Preco": 4.49,
        "Unidade_Info": "6 x0.33 L | 2,27 €/L",
        "Categorias_GTM": "Categoria Referência SFCC, Bebidas, Cerveja, Sem Álcool, Poupe Esta Semana",
        "Data_Coleta": "2025-06-01 01:42:54"
    },
    {
        "ID_Produto": "390372",
        "Categoria_Scraping": "promocoes",
        "Nome": "Gel de Barbear para Pele Sensível",
        "Marca": "Gillette",
        "Preco": 3.99,
        "Unidade_Info": "0.2 L | 19,95 €/L",
        "Categorias_GTM": "Higiene Pessoal e Beleza, Homem, Rosto e Barba, Categoria Referência SFCC, Poupe Este Fim De Semana",
        "Data_Coleta": "2025-06-01 01:42:54"
    },
    {
        "ID_Produto": "821310",
        "Categoria_Scraping": "promocoes",
        "Nome": "Crocantes de Frango Congelados",
        "Marca": "Iglo",
        "Preco": 3.74,
        "Unidade_Info": "0.18 Kg | 20,78 €/Kg",
        "Categorias_GTM": "Congelados, Refeições, Barrinhas, Nuggets e Panados, Categoria Referência SFCC, Poupe Este Fim De Semana",
        "Data_Coleta": "2025-06-01 01:42:54"
    },
    {
        "ID_Produto": "961255",
        "Categoria_Scraping": "promocoes",
        "Nome": "Cápsulas de Café Descafeinado Sical",
        "Marca": "Nescafé Dolce Gusto",
        "Preco": 5.39,
        "Unidade_Info": "16 Un | 0,34 €/Un",
        "Categorias_GTM": "Café, Chá e Bebidas Quentes, Cápsulas de Café, Mercearia, Categoria Referência SFCC, Poupe Este Fim De Semana",
        "Data_Coleta": "2025-06-01 01:42:54"
    },
    {
        "ID_Produto": "852047",
        "Categoria_Scraping": "promocoes",
        "Nome": "Pré-lavagem em Spray",
        "Marca": "Vanish",
        "Preco": 3.99,
        "Unidade_Info": "0.5 L | 7,98 €/L",
        "Categorias_GTM": "Poupe Esta Semana, Promoções, Casa, Roupa, Categoria Referência SFCC",
        "Data_Coleta": "2025-06-01 01:42:54"
    },
    {
        "ID_Produto": "558664",
        "Categoria_Scraping": "promocoes",
        "Nome": "Red Fish Médio Congelado",
        "Marca": "Nossa Peixaria",
        "Preco": 4.99,
        "Unidade_Info": "0.5 Kg",
        "Categorias_GTM": "Categoria Referência SFCC, Promoções, Congelados, Peixe, Peixe",
        "Data_Coleta": "2025-06-01 01:42:54"
    },
    {
        "ID_Produto": "962950",
        "Categoria_Scraping": "promocoes",
        "Nome": "Lava Tudo Limão Verde",
        "Marca": "Cif",
        "Preco": 1.99,
        "Unidade_Info": "1.3 L | 1,53 €/L",
        "Categorias_GTM": "Poupe Esta Semana, Promoções, Casa, Lava Tudo, Limpeza da Casa",
        "Data_Coleta": "2025-06-01 01:42:54"
    },
    {
        "ID_Produto": "764825",
        "Categoria_Scraping": "promocoes",
        "Nome": "Comida Seca para Cão",
        "Marca": "Mundus Dog",
        "Preco": 14.59,
        "Unidade_Info": "20 Kg | 0,73 €/Kg",
        "Categorias_GTM": "Poupe Esta Semana, Promoções, Animais, Cão, Comida Seca",
        "Data_Coleta": "2025-06-01 01:42:54"
    },
    {
        "ID_Produto": "751245",
        "Categoria_Scraping": "promocoes",
        "Nome": "Ervilhas Primavera Congeladas",
        "Marca": "Iglo",
        "Preco": 2.99,
        "Unidade_Info": "0.5 Kg | 5,98 €/Kg",
        "Categorias_GTM": "Categoria Referência SFCC, Congelados, Frutas e Vegetais, Vegetais, Poupe Esta Semana",
        "Data_Coleta": "2025-06-01 01:42:54"
    },
    {
        "ID_Produto": "700445",
        "Categoria_Scraping": "promocoes",
        "Nome": "Papel Higénico 2 Folhas Super",
        "Marca": "Renova",
        "Preco": 2.29,
        "Unidade_Info": "4 Ro | 0,57 €/Ro",
        "Categorias_GTM": "Categoria Referência SFCC, Higiene Pessoal e Beleza, Papel Higiénico e Toalhitas, Poupe Esta Semana, Promoções",
        "Data_Coleta": "2025-06-01 01:42:54"
    },
    {
        "ID_Produto": "961051",
        "Categoria_Scraping": "promocoes",
        "Nome": "Café em Grão Torrado Ritual",
        "Marca": "Delta",
        "Preco": 7.29,
        "Unidade_Info": "0.5 Kg | 14,58 €/Kg",
        "Categorias_GTM": "Café, Chá e Bebidas Quentes, Café Moído e Grão, Mercearia, Categoria Referência SFCC, Poupe Esta Semana",
        "Data_Coleta": "2025-06-01 01:43:04"
    },
    {
        "ID_Produto": "473047003",
        "Categoria_Scraping": "promocoes",
        "Nome": "Yofu Soja Natural Pack 4",
        "Marca": "Alpro",
        "Preco": 2.54,
        "Unidade_Info": "0.5 Kg | 5,08 €/Kg",
        "Categorias_GTM": "Promoções, Categoria Referência SFCC, Alternativas Vegetais, Frigorífico, Iogurtes",
        "Data_Coleta": "2025-06-01 01:43:04"
    },
    {
        "ID_Produto": "473047008",
        "Categoria_Scraping": "promocoes",
        "Nome": "Yofu Soja Pedaços Mirtilo Pack 4",
        "Marca": "Alpro",
        "Preco": 2.54,
        "Unidade_Info": "0.5 Kg | 5,08 €/Kg",
        "Categorias_GTM": "Categoria Referência SFCC, Alternativas Vegetais, Iogurtes, Frigorífico, Poupe Esta Semana",
        "Data_Coleta": "2025-06-01 01:43:04"
    },
    {
        "ID_Produto": "614852",
        "Categoria_Scraping": "promocoes",
        "Nome": "Leite em Pó de Transição 2 +6M Optipro",
        "Marca": "Nan",
        "Preco": 13.99,
        "Unidade_Info": "0.8 Kg | 17,49 €/Kg",
        "Categorias_GTM": "Promoções, Categoria Referência SFCC, Alimentação, Infantil, Leites Infantis",
        "Data_Coleta": "2025-06-01 01:43:04"
    },
    {
        "ID_Produto": "948525",
        "Categoria_Scraping": "promocoes",
        "Nome": "Vinho Tinto Alentejo Granja Amareleja Superior",
        "Marca": "Granja Amareleja",
        "Preco": 5.99,
        "Unidade_Info": "0.75 L | 7,99 €/L",
        "Categorias_GTM": "Categoria Referência SFCC, Poupe Esta Semana, Promoções, Bebidas, Alentejo",
        "Data_Coleta": "2025-06-01 01:43:04"
    },
    {
        "ID_Produto": "870942",
        "Categoria_Scraping": "promocoes",
        "Nome": "Inseticida Elétrico Tripack",
        "Marca": "Raid",
        "Preco": 8.79,
        "Unidade_Info": "1 Un | 8,79 €/Un",
        "Categorias_GTM": "Poupe Esta Semana, Casa, Inseticidas, Promoções, Categoria Referência SFCC",
        "Data_Coleta": "2025-06-01 01:43:04"
    },
    {
        "ID_Produto": "972523",
        "Categoria_Scraping": "promocoes",
        "Nome": "Salsichas de Ave",
        "Marca": "Izidoro",
        "Preco": 1.69,
        "Unidade_Info": "0.24 Kg | 7,04 €/Kg",
        "Categorias_GTM": "Conservas, Mercearia, Salsichas, Promoções, Poupe Esta Semana",
        "Data_Coleta": "2025-06-01 01:43:04"
    },
    {
        "ID_Produto": "453525",
        "Categoria_Scraping": "promocoes",
        "Nome": "Água com Gás Mineral Natural Pack 6",
        "Marca": "Vimeiro",
        "Preco": 3.64,
        "Unidade_Info": "6 x0.5 L | 1,21 €/L",
        "Categorias_GTM": "Categoria Referência SFCC, Água, Água com Gás, Bebidas, Poupe Este Fim De Semana",
        "Data_Coleta": "2025-06-01 01:43:04"
    },
    {
        "ID_Produto": "495208",
        "Categoria_Scraping": "promocoes",
        "Nome": "Melancia",
        "Marca": "Nossa Fruta e Legumes",
        "Preco": 1.49,
        "Unidade_Info": "9.5 Kg",
        "Categorias_GTM": "Poupe Este Fim De Semana, Categoria Referência SFCC, Promoções",
        "Data_Coleta": "2025-06-01 01:43:04"
    },
    {
        "ID_Produto": "616259",
        "Categoria_Scraping": "promocoes",
        "Nome": "Arroz Carolino",
        "Marca": "Saludães",
        "Preco": 1.14,
        "Unidade_Info": "1 Kg | 1,14 €/Kg",
        "Categorias_GTM": "Categoria Referência SFCC, Arroz, Arroz e Massa, Mercearia, Poupe Esta Semana",
        "Data_Coleta": "2025-06-01 01:43:04"
    },
    {
        "ID_Produto": "684023",
        "Categoria_Scraping": "promocoes",
        "Nome": "Rum Havana Club 3 Anos Original",
        "Marca": "Havana Club",
        "Preco": 14.19,
        "Unidade_Info": "0.7 L | 20,27 €/L",
        "Categorias_GTM": "Categoria Referência SFCC, Bebidas, Outras Bebidas, Whisky e Espirituosas, Poupe Este Fim De Semana",
        "Data_Coleta": "2025-06-01 01:43:04"
    },
    {
        "ID_Produto": "935077",
        "Categoria_Scraping": "promocoes",
        "Nome": "Bolsa de Fruta Maçã e Pera +6 Meses",
        "Marca": "Blédina",
        "Preco": 0.69,
        "Unidade_Info": "0.085 Kg | 8,12 €/Kg",
        "Categorias_GTM": "Alimentação, Purés de Fruta e Sobremesas, Infantil, Categoria Referência SFCC, Poupe Esta Semana",
        "Data_Coleta": "2025-06-01 01:43:04"
    },
    {
        "ID_Produto": "959694",
        "Categoria_Scraping": "promocoes",
        "Nome": "Vinho Tinto Península de Setúbal Ganso Pegos Claros",
        "Marca": "Vinha Do Ganso",
        "Preco": 6.99,
        "Unidade_Info": "0.75 L | 9,32 €/L",
        "Categorias_GTM": "Promoções, Poupe Esta Semana, Bebidas, Setúbal, Vinho Tinto",
        "Data_Coleta": "2025-06-01 01:43:15"
    },
    {
        "ID_Produto": "866738",
        "Categoria_Scraping": "promocoes",
        "Nome": "Bloco Sanitário Recarga Ative Lavanda",
        "Marca": "Pato",
        "Preco": 3.49,
        "Unidade_Info": "2 Un | 1,75 €/Un",
        "Categorias_GTM": "Blocos Sanitários, Casa, Limpeza da Casa, Promoções, Poupe Esta Semana",
        "Data_Coleta": "2025-06-01 01:43:15"
    },
    {
        "ID_Produto": "971945",
        "Categoria_Scraping": "promocoes",
        "Nome": "Papel Higiénico Protect Rosa",
        "Marca": "Colhogar",
        "Preco": 5.99,
        "Unidade_Info": "12 Un | 0,5 €/Un",
        "Categorias_GTM": "Higiene Pessoal e Beleza, Papel Higiénico e Toalhitas, Promoções, Poupe Esta Semana, Categoria Referência SFCC",
        "Data_Coleta": "2025-06-01 01:43:15"
    },
    {
        "ID_Produto": "955140",
        "Categoria_Scraping": "promocoes",
        "Nome": "Queijo Fundido Light Porções",
        "Marca": "A Vaca que ri",
        "Preco": 2.95,
        "Unidade_Info": "0.25 Kg | 11,8 €/Kg",
        "Categorias_GTM": "Categoria Referência SFCC, Frigorífico, Queijo, Snacks de Queijo, Poupe Esta Semana",
        "Data_Coleta": "2025-06-01 01:43:15"
    },
    {
        "ID_Produto": "768613011",
        "Categoria_Scraping": "promocoes",
        "Nome": "Iogurte Grego Manga e Papaia Pack 4",
        "Marca": "Oikos Danone",
        "Preco": 1.99,
        "Unidade_Info": "0.44 Kg | 4,52 €/Kg",
        "Categorias_GTM": "Poupe Esta Semana, Categoria Referência SFCC, Frigorífico, Gregos, Iogurtes",
        "Data_Coleta": "2025-06-01 01:43:15"
    },
    {
        "ID_Produto": "522084",
        "Categoria_Scraping": "promocoes",
        "Nome": "Polpa de Tomate",
        "Marca": "Compal",
        "Preco": 1.49,
        "Unidade_Info": "0.6 L | 2,48 €/L",
        "Categorias_GTM": "Categoria Referência SFCC, Mercearia, Polpas e Concentrados, Temperos, Promoções",
        "Data_Coleta": "2025-06-01 01:43:15"
    },
    {
        "ID_Produto": "911937",
        "Categoria_Scraping": "promocoes",
        "Nome": "Cereais de Mel",
        "Marca": "Estrelitas",
        "Preco": 2.09,
        "Unidade_Info": "0.27 Kg | 7,74 €/Kg",
        "Categorias_GTM": "Cereais e Barras, Infantis e Juvenis, Mercearia, Promoções, Poupe Esta Semana",
        "Data_Coleta": "2025-06-01 01:43:15"
    },
    {
        "ID_Produto": "747546",
        "Categoria_Scraping": "promocoes",
        "Nome": "Gelados Fizz Limão",
        "Marca": "Olá",
        "Preco": 2.99,
        "Unidade_Info": "0.36 L | 8,31 €/L",
        "Categorias_GTM": "Congelados, Gelados, Categoria Referência SFCC, Poupe Este Fim De Semana, Poupe Esta Semana",
        "Data_Coleta": "2025-06-01 01:43:15"
    },
    {
        "ID_Produto": "909716",
        "Categoria_Scraping": "promocoes",
        "Nome": "Comida Húmida para Gato Soup Seleção de Peixes",
        "Marca": "Purina Felix",
        "Preco": 2.24,
        "Unidade_Info": "0.288 Kg | 7,78 €/Kg",
        "Categorias_GTM": "Promoções, Animais, Comida Húmida, Gato, Poupe Esta Semana",
        "Data_Coleta": "2025-06-01 01:43:15"
    },
    {
        "ID_Produto": "967222",
        "Categoria_Scraping": "promocoes",
        "Nome": "Barras de Cereais Proteína e Cacau",
        "Marca": "Fitness",
        "Preco": 1.79,
        "Unidade_Info": "0.08 Kg | 22,38 €/Kg",
        "Categorias_GTM": "Barras de Cereais e Snacks, Cereais e Barras, Mercearia, Promoções, Poupe Esta Semana",
        "Data_Coleta": "2025-06-01 01:43:15"
    },
    {
        "ID_Produto": "16709",
        "Categoria_Scraping": "promocoes",
        "Nome": "Cerveja com Álcool",
        "Marca": "Sagres",
        "Preco": 1.79,
        "Unidade_Info": "1 L | 1,79 €/L",
        "Categorias_GTM": "Promoções, Bebidas, Cerveja, Nacional, Poupe Esta Semana",
        "Data_Coleta": "2025-06-01 01:43:15"
    },
    {
        "ID_Produto": "518418",
        "Categoria_Scraping": "promocoes",
        "Nome": "Comida Húmida em Pedaços para Gato Delícias do Oceanno",
        "Marca": "Purina Gourmet Gold",
        "Preco": 2.59,
        "Unidade_Info": "0.34 Kg | 7,62 €/Kg",
        "Categorias_GTM": "Poupe Esta Semana, Promoções, Categoria Referência SFCC, Animais, Comida Húmida",
        "Data_Coleta": "2025-06-01 01:43:15"
    },
    {
        "ID_Produto": "858367",
        "Categoria_Scraping": "promocoes",
        "Nome": "Queijo Fundido Light Palitos",
        "Marca": "A Vaca que ri",
        "Preco": 1.99,
        "Unidade_Info": "0.14 Kg | 14,21 €/Kg",
        "Categorias_GTM": "Frigorífico, Queijo, Snacks de Queijo, Promoções, Categoria Referência SFCC",
        "Data_Coleta": "2025-06-01 01:43:24"
    },
    {
        "ID_Produto": "947023",
        "Categoria_Scraping": "promocoes",
        "Nome": "Creme Vegetal para Barrar sabor a Manteiga",
        "Marca": "Planta",
        "Preco": 2.54,
        "Unidade_Info": "0.4 Kg | 6,35 €/Kg",
        "Categorias_GTM": "Categoria Referência SFCC, Frigorífico, Manteigas e Cremes para Barrar, Poupe Este Fim De Semana, Poupe Esta Semana",
        "Data_Coleta": "2025-06-01 01:43:24"
    },
    {
        "ID_Produto": "926594",
        "Categoria_Scraping": "promocoes",
        "Nome": "Néctar Pêssego Pack 6",
        "Marca": "Compal Clássico",
        "Preco": 2.29,
        "Unidade_Info": "1.2 L | 1,91 €/L",
        "Categorias_GTM": "Bebidas, Sumos e Néctares, Promoções, Poupe Esta Semana, Categoria Referência SFCC",
        "Data_Coleta": "2025-06-01 01:43:24"
    },
    {
        "ID_Produto": "570063",
        "Categoria_Scraping": "promocoes",
        "Nome": "Polvo Fresco",
        "Marca": "Nossa Peixaria",
        "Preco": 13.99,
        "Unidade_Info": "1.2 Kg",
        "Categorias_GTM": "Polvo, Lula, Pota e Choco, Categoria Referência SFCC, Peixaria, Poupe Este Fim De Semana, Promoções",
        "Data_Coleta": "2025-06-01 01:43:24"
    },
    {
        "ID_Produto": "871236",
        "Categoria_Scraping": "promocoes",
        "Nome": "Leite Achocolatado sem Lactose Pack 4",
        "Marca": "Mimosa",
        "Preco": 1.99,
        "Unidade_Info": "4 x0.2 L | 2,49 €/L",
        "Categorias_GTM": "Alimentação, Infantil, Leites Infantis, Categoria Referência SFCC, Poupe Este Fim De Semana",
        "Data_Coleta": "2025-06-01 01:43:24"
    },
    {
        "ID_Produto": "669568",
        "Categoria_Scraping": "promocoes",
        "Nome": "Loção Íntima Sensitive",
        "Marca": "Dystron",
        "Preco": 3.59,
        "Unidade_Info": "0.2 L | 17,95 €/L",
        "Categorias_GTM": "Categoria Referência SFCC, Poupe Esta Semana, Promoções, Higiene Íntima, Higiene Pessoal e Beleza",
        "Data_Coleta": "2025-06-01 01:43:24"
    },
    {
        "ID_Produto": "856657",
        "Categoria_Scraping": "promocoes",
        "Nome": "Caju Cru",
        "Marca": "Frutorra",
        "Preco": 2.99,
        "Unidade_Info": "0.2 Kg | 14,95 €/Kg",
        "Categorias_GTM": "Aperitivos e Snacks, Frutos Secos e Desidratados, Mercearia, Categoria Referência SFCC, Poupe Esta Semana",
        "Data_Coleta": "2025-06-01 01:43:24"
    },
    {
        "ID_Produto": "697108",
        "Categoria_Scraping": "promocoes",
        "Nome": "Bolo de Chocolate",
        "Marca": "Nossa Padaria",
        "Preco": 3.79,
        "Unidade_Info": "0.5 Kg | 7,58 €/Kg",
        "Categorias_GTM": "Categoria Referência SFCC, Padaria e Pastelaria, Pastelaria, Poupe Esta Semana, Promoções",
        "Data_Coleta": "2025-06-01 01:43:24"
    },
    {
        "ID_Produto": "609308",
        "Categoria_Scraping": "promocoes",
        "Nome": "Creme Vegetal para Barrar Sabor a Manteiga",
        "Marca": "Planta",
        "Preco": 4.99,
        "Unidade_Info": "1 Kg | 4,99 €/Kg",
        "Categorias_GTM": "Categoria Referência SFCC, Promoções, Poupe Esta Semana, Frigorífico, Manteigas e Cremes para Barrar",
        "Data_Coleta": "2025-06-01 01:43:24"
    },
    {
        "ID_Produto": "467279",
        "Categoria_Scraping": "promocoes",
        "Nome": "Bebida Vegetal de Soja",
        "Marca": "Alpro",
        "Preco": 1.69,
        "Unidade_Info": "1 L | 1,69 €/L",
        "Categorias_GTM": "Categoria Referência SFCC, Bebida Vegetal, Leite, Natas e Ovos, Poupe Este Fim De Semana, Poupe Esta Semana",
        "Data_Coleta": "2025-06-01 01:43:24"
    },
    {
        "ID_Produto": "964142",
        "Categoria_Scraping": "promocoes",
        "Nome": "Pastilhas para Máquina Loiça All-In-One Limão",
        "Marca": "Sun",
        "Preco": 7.99,
        "Unidade_Info": "62 Un | 0,13 €/Un",
        "Categorias_GTM": "Casa, Detergente Máquina, Loiça, Promoções, Poupe Esta Semana",
        "Data_Coleta": "2025-06-01 01:43:24"
    },
    {
        "ID_Produto": "449497",
        "Categoria_Scraping": "promocoes",
        "Nome": "Camarão 60/80 Vannamei Congelado",
        "Marca": "Nossa Peixaria",
        "Preco": 8.99,
        "Unidade_Info": "0.5 Kg",
        "Categorias_GTM": "Categoria Referência SFCC, Congelados, Marisco, Poupe Esta Semana, Promoções",
        "Data_Coleta": "2025-06-01 01:43:24"
    },
    {
        "ID_Produto": "705196",
        "Categoria_Scraping": "promocoes",
        "Nome": "Salsicha Brasileira de Porco",
        "Marca": "Nosso Talho",
        "Preco": 5.39,
        "Unidade_Info": "0.1 Kg",
        "Categorias_GTM": "Porco, Talho, Categoria Referência SFCC, Poupe Este Fim De Semana, Promoções",
        "Data_Coleta": "2025-06-01 01:43:35"
    },
    {
        "ID_Produto": "912129",
        "Categoria_Scraping": "promocoes",
        "Nome": "Lava Tudo Madeiras Amêndoa",
        "Marca": "Ajax",
        "Preco": 1.99,
        "Unidade_Info": "1 L | 1,99 €/L",
        "Categorias_GTM": "Casa, Lava Tudo, Limpeza da Casa, Promoções, Poupe Esta Semana",
        "Data_Coleta": "2025-06-01 01:43:35"
    },
    {
        "ID_Produto": "703410",
        "Categoria_Scraping": "promocoes",
        "Nome": "Vinho Tinto Serrania",
        "Marca": "Serrania",
        "Preco": 4.99,
        "Unidade_Info": "5 L | 1 €/L",
        "Categorias_GTM": "Promoções, Categoria Referência SFCC, Bebidas, Corrente, Vinho Tinto",
        "Data_Coleta": "2025-06-01 01:43:35"
    },
    {
        "ID_Produto": "908658",
        "Categoria_Scraping": "promocoes",
        "Nome": "Fraldas Cueca +13Kg Pants T6",
        "Marca": "Dodot",
        "Preco": 7.94,
        "Unidade_Info": "27 Un | 0,29 €/Un",
        "Categorias_GTM": "Promoções, Fraldas, Infantil, Poupe Esta Semana, Categoria Referência SFCC",
        "Data_Coleta": "2025-06-01 01:43:35"
    },
    {
        "ID_Produto": "102723",
        "Categoria_Scraping": "promocoes",
        "Nome": "Ração Seca para Cão Adulto com Frango",
        "Marca": "Purina Friskies",
        "Preco": 9.94,
        "Unidade_Info": "4 Kg | 2,49 €/Kg",
        "Categorias_GTM": "Animais, Cão, Comida Seca, Categoria Referência SFCC, Poupe Este Fim De Semana",
        "Data_Coleta": "2025-06-01 01:43:35"
    },
    {
        "ID_Produto": "960805",
        "Categoria_Scraping": "promocoes",
        "Nome": "Detergente Loiça Manual Poder Limão",
        "Marca": "Cif",
        "Preco": 1.99,
        "Unidade_Info": "1 L | 1,99 €/L",
        "Categorias_GTM": "Promoções, Poupe Esta Semana, Casa, Detergente Manual, Loiça",
        "Data_Coleta": "2025-06-01 01:43:35"
    },
    {
        "ID_Produto": "11325",
        "Categoria_Scraping": "promocoes",
        "Nome": "Caldo Culinário de Galinha Cubos",
        "Marca": "Knorr",
        "Preco": 2.49,
        "Unidade_Info": "0.24 Kg | 10,38 €/Kg",
        "Categorias_GTM": "Caldos, Mercearia, Temperos, Categoria Referência SFCC, Poupe Este Fim De Semana",
        "Data_Coleta": "2025-06-01 01:43:35"
    },
    {
        "ID_Produto": "945065",
        "Categoria_Scraping": "promocoes",
        "Nome": "Nuggets de Frango e Queijo",
        "Marca": "Capitão Iglo",
        "Preco": 14.99,
        "Unidade_Info": "1.08 Kg | 13,88 €/Kg",
        "Categorias_GTM": "Categoria Referência SFCC, Poupe Esta Semana, Promoções, Congelados, Barrinhas, Nuggets e Panados",
        "Data_Coleta": "2025-06-01 01:43:35"
    },
    {
        "ID_Produto": "389596",
        "Categoria_Scraping": "promocoes",
        "Nome": "Pão de Forma Integral Sem Côdea",
        "Marca": "Bimbo",
        "Preco": 1.99,
        "Unidade_Info": "0.45 Kg | 4,42 €/Kg",
        "Categorias_GTM": "Mercearia, Pão e Bolos Embalados, Categoria Referência SFCC, Poupe Esta Semana, Promoções",
        "Data_Coleta": "2025-06-01 01:43:35"
    },
    {
        "ID_Produto": "928487",
        "Categoria_Scraping": "promocoes",
        "Nome": "Bolsa Puré de Fruta Maçã e Pera +6 Meses",
        "Marca": "Blédina",
        "Preco": 3.74,
        "Unidade_Info": "0.38 Kg | 9,84 €/Kg",
        "Categorias_GTM": "Poupe Esta Semana, Promoções, Alimentação, Purés de Fruta e Sobremesas, Infantil",
        "Data_Coleta": "2025-06-01 01:43:35"
    },
    {
        "ID_Produto": "882776",
        "Categoria_Scraping": "promocoes",
        "Nome": "Grelhador Quadrado Ondulado 26cm",
        "Marca": "Celar",
        "Preco": 15.99,
        "Unidade_Info": "N/A",
        "Categorias_GTM": "Bazar, Pequenos Domésticos, Poupe Esta Semana, Categoria Referência SFCC, Promoções",
        "Data_Coleta": "2025-06-01 01:43:35"
    },
    {
        "ID_Produto": "611270",
        "Categoria_Scraping": "promocoes",
        "Nome": "Batatas Fritas Palha",
        "Marca": "Jerónimo Valente",
        "Preco": 2.87,
        "Unidade_Info": "0.4 Kg | 7,18 €/Kg",
        "Categorias_GTM": "Batatas Fritas, Mercearia, Originais e Light, Categoria Referência SFCC, Poupe Esta Semana",
        "Data_Coleta": "2025-06-01 01:43:35"
    },
    {
        "ID_Produto": "570078",
        "Categoria_Scraping": "promocoes",
        "Nome": "Choco Fresco",
        "Marca": "Nossa Peixaria",
        "Preco": 9.99,
        "Unidade_Info": "0.9 Kg",
        "Categorias_GTM": "Categoria Referência SFCC, Peixaria, Poupe Esta Semana, Promoções, Peixe",
        "Data_Coleta": "2025-06-01 01:43:46"
    },
    {
        "ID_Produto": "765583",
        "Categoria_Scraping": "promocoes",
        "Nome": "Farinha Amido de Milho",
        "Marca": "Maizena",
        "Preco": 1.64,
        "Unidade_Info": "0.4 Kg | 4,1 €/Kg",
        "Categorias_GTM": "Farinha e Fermento, Mercearia, Categoria Referência SFCC, Poupe Esta Semana, Promoções",
        "Data_Coleta": "2025-06-01 01:43:46"
    },
    {
        "ID_Produto": "570171",
        "Categoria_Scraping": "promocoes",
        "Nome": "Salpicão da Beira Litoral Arganil",
        "Marca": "Pingo Doce",
        "Preco": 5.09,
        "Unidade_Info": "0.39 Kg | 13,05 €/Kg",
        "Categorias_GTM": "As Nossas Marcas, Pingo Doce, Categoria Referência SFCC, Charcutaria, Outros Enchidos e Fumeiro",
        "Data_Coleta": "2025-06-01 01:43:46"
    },
    {
        "ID_Produto": "639202",
        "Categoria_Scraping": "promocoes",
        "Nome": "Comida Seca para Gato Esterelizado",
        "Marca": "Purina One",
        "Preco": 5.59,
        "Unidade_Info": "0.8 Kg | 6,99 €/Kg",
        "Categorias_GTM": "Animais, Comida Seca, Gato, Categoria Referência SFCC, Poupe Esta Semana",
        "Data_Coleta": "2025-06-01 01:43:46"
    },
    {
        "ID_Produto": "837010",
        "Categoria_Scraping": "promocoes",
        "Nome": "Nuggets de Frango Congelados",
        "Marca": "Capitão Iglo",
        "Preco": 2.99,
        "Unidade_Info": "0.208 Kg | 14,38 €/Kg",
        "Categorias_GTM": "Congelados, Barrinhas, Nuggets e Panados, Refeições, Categoria Referência SFCC, Poupe Esta Semana",
        "Data_Coleta": "2025-06-01 01:43:46"
    },
    {
        "ID_Produto": "930401",
        "Categoria_Scraping": "promocoes",
        "Nome": "Café Torrado Moído Intenso Moagem Universal",
        "Marca": "Bellissimo",
        "Preco": 2.79,
        "Unidade_Info": "0.2 Kg | 13,95 €/Kg",
        "Categorias_GTM": "Café, Chá e Bebidas Quentes, Café Moído e Grão, Mercearia, Categoria Referência SFCC, Poupe Esta Semana",
        "Data_Coleta": "2025-06-01 01:43:46"
    },
    {
        "ID_Produto": "383136",
        "Categoria_Scraping": "promocoes",
        "Nome": "Vinho Branco Península de Setúbal Colheita Selecionada Adega de Pegões",
        "Marca": "Adega de Pegões",
        "Preco": 2.59,
        "Unidade_Info": "0.75 L | 3,45 €/L",
        "Categorias_GTM": "Setúbal, Bebidas, Vinho Branco, Poupe Esta Semana, Promoções",
        "Data_Coleta": "2025-06-01 01:43:46"
    },
    {
        "ID_Produto": "726360",
        "Categoria_Scraping": "promocoes",
        "Nome": "Bolo Snack Cake & Choc",
        "Marca": "Milka",
        "Preco": 2.39,
        "Unidade_Info": "0.175 Kg | 13,66 €/Kg",
        "Categorias_GTM": "Categoria Referência SFCC, Bolos e Tortas, Mercearia, Pão e Bolos Embalados, Poupe Este Fim De Semana",
        "Data_Coleta": "2025-06-01 01:43:46"
    },
    {
        "ID_Produto": "735494",
        "Categoria_Scraping": "promocoes",
        "Nome": "Whisky Grant's",
        "Marca": "Grant's",
        "Preco": 12.89,
        "Unidade_Info": "0.7 L | 18,41 €/L",
        "Categorias_GTM": "N/A",
        "Data_Coleta": "2025-06-01 01:43:46"
    },
    {
        "ID_Produto": "66305",
        "Categoria_Scraping": "promocoes",
        "Nome": "Vinho do Porto Tawny Cálem Velhotes",
        "Marca": "Calém",
        "Preco": 5.49,
        "Unidade_Info": "0.75 L | 7,32 €/L",
        "Categorias_GTM": "Categoria Referência SFCC, Bebidas, Vinho do Porto, Poupe Esta Semana, Promoções",
        "Data_Coleta": "2025-06-01 01:43:46"
    },
    {
        "ID_Produto": "953136",
        "Categoria_Scraping": "promocoes",
        "Nome": "Queijo Flamengo Fatiado",
        "Marca": "Campainha",
        "Preco": 7.49,
        "Unidade_Info": "0.8 Kg | 9,36 €/Kg",
        "Categorias_GTM": "Categoria Referência SFCC, Frigorífico, Nacional, Queijo, Poupe Este Fim De Semana",
        "Data_Coleta": "2025-06-01 01:43:46"
    },
    {
        "ID_Produto": "817700",
        "Categoria_Scraping": "promocoes",
        "Nome": "Desodorizante Spray Men Black & White Invisible Power",
        "Marca": "Nivea",
        "Preco": 2.64,
        "Unidade_Info": "0.15 L | 17,6 €/L",
        "Categorias_GTM": "Poupe Esta Semana, Promoções, Categoria Referência SFCC, Corpo, Desodorizantes",
        "Data_Coleta": "2025-06-01 01:43:46"
    },
    {
        "ID_Produto": "528113",
        "Categoria_Scraping": "promocoes",
        "Nome": "Carapau Médio Fresco",
        "Marca": "Nossa Peixaria",
        "Preco": 4.49,
        "Unidade_Info": "0.21 Kg",
        "Categorias_GTM": "Categoria Referência SFCC, Peixaria, Peixe, Poupe Este Fim De Semana, Promoções",
        "Data_Coleta": "2025-06-01 01:43:56"
    },
    {
        "ID_Produto": "954978",
        "Categoria_Scraping": "promocoes",
        "Nome": "Wraps de Trigo Rolls",
        "Marca": "Bimbo",
        "Preco": 1.99,
        "Unidade_Info": "0.24 Kg | 8,29 €/Kg",
        "Categorias_GTM": "Mercearia, Pão e Bolos Embalados, Categoria Referência SFCC, Poupe Este Fim De Semana, Poupe Esta Semana",
        "Data_Coleta": "2025-06-01 01:43:56"
    },
    {
        "ID_Produto": "922772",
        "Categoria_Scraping": "promocoes",
        "Nome": "Champô Anticaspa Legend CR7",
        "Marca": "Linic",
        "Preco": 4.94,
        "Unidade_Info": "0.36 L | 13,72 €/L",
        "Categorias_GTM": "Cabelo, Champô, Higiene Pessoal e Beleza, Categoria Referência SFCC, Poupe Este Fim De Semana",
        "Data_Coleta": "2025-06-01 01:43:56"
    },
    {
        "ID_Produto": "319749",
        "Categoria_Scraping": "promocoes",
        "Nome": "Pão Brasileiro",
        "Marca": "Nossa Padaria",
        "Preco": 0.19,
        "Unidade_Info": "0.1 Kg | 1,9 €/Kg",
        "Categorias_GTM": "Padaria Fresca, Padaria e Pastelaria, Categoria Referência SFCC, Poupe Este Fim De Semana, Poupe Esta Semana",
        "Data_Coleta": "2025-06-01 01:43:56"
    },
    {
        "ID_Produto": "984806",
        "Categoria_Scraping": "promocoes",
        "Nome": "Água com Gás Pack 6",
        "Marca": "Pedras Salgadas",
        "Preco": 2.95,
        "Unidade_Info": "6 x0.33 L | 1,49 €/L",
        "Categorias_GTM": "Água, Água com Gás, Bebidas, Promoções, Poupe Esta Semana",
        "Data_Coleta": "2025-06-01 01:43:56"
    },
    {
        "ID_Produto": "964373",
        "Categoria_Scraping": "promocoes",
        "Nome": "Snack para Cão Médio, Grande Dental",
        "Marca": "Activpet",
        "Preco": 1.59,
        "Unidade_Info": "0.4 Kg | 3,98 €/Kg",
        "Categorias_GTM": "ActivPet, As Nossas Marcas, Animais, Cão, Snacks",
        "Data_Coleta": "2025-06-01 01:43:56"
    },
    {
        "ID_Produto": "928200",
        "Categoria_Scraping": "promocoes",
        "Nome": "Bolachas Recheadas com Chocolate e Avelãs",
        "Marca": "Nutella",
        "Preco": 3.69,
        "Unidade_Info": "0.304 Kg | 12,14 €/Kg",
        "Categorias_GTM": "Bolachas, Mercearia, Pepitas, Cobertas e Recheadas, Poupe Esta Semana, Promoções",
        "Data_Coleta": "2025-06-01 01:43:56"
    },
    {
        "ID_Produto": "855385",
        "Categoria_Scraping": "promocoes",
        "Nome": "Creme Vegetal Culinário",
        "Marca": "Becel",
        "Preco": 2.49,
        "Unidade_Info": "0.45 Kg | 5,53 €/Kg",
        "Categorias_GTM": "Frigorífico, Manteigas e Cremes para Barrar, Poupe Esta Semana, Promoções, Categoria Referência SFCC",
        "Data_Coleta": "2025-06-01 01:43:56"
    },
    {
        "ID_Produto": "840361",
        "Categoria_Scraping": "promocoes",
        "Nome": "Lava Tudo PH Neutro",
        "Marca": "Sonasol",
        "Preco": 2.09,
        "Unidade_Info": "1.3 L | 1,61 €/L",
        "Categorias_GTM": "Categoria Referência SFCC, Poupe Esta Semana, Casa, Lava Tudo, Limpeza da Casa",
        "Data_Coleta": "2025-06-01 01:43:56"
    },
    {
        "ID_Produto": "838318",
        "Categoria_Scraping": "promocoes",
        "Nome": "Champô Ultra Suave Aveia",
        "Marca": "Ultra Suave",
        "Preco": 5.34,
        "Unidade_Info": "0.6 L | 8,9 €/L",
        "Categorias_GTM": "Poupe Esta Semana, Promoções, Cabelo, Champô, Higiene Pessoal e Beleza",
        "Data_Coleta": "2025-06-01 01:43:56"
    },
    {
        "ID_Produto": "344221",
        "Categoria_Scraping": "promocoes",
        "Nome": "Refrigerante com Gás",
        "Marca": "Antarctica",
        "Preco": 1.79,
        "Unidade_Info": "1.5 L | 1,19 €/L",
        "Categorias_GTM": "Bebidas, Refrigerantes com Gás, Refrigerantes, Categoria Referência SFCC, Poupe Esta Semana",
        "Data_Coleta": "2025-06-01 01:43:56"
    },
    {
        "ID_Produto": "613733",
        "Categoria_Scraping": "promocoes",
        "Nome": "Protetor Solar Allergy SPF 50+",
        "Marca": "Piz Buin",
        "Preco": 12.79,
        "Unidade_Info": "0.2 L | 63,95 €/L",
        "Categorias_GTM": "Poupe Esta Semana, Categoria Referência SFCC, Higiene e Beleza, Parafarmácia, Proteção Solar",
        "Data_Coleta": "2025-06-01 01:43:56"
    },
    {
        "ID_Produto": "975553",
        "Categoria_Scraping": "promocoes",
        "Nome": "Pão de Forma 12 Cereais",
        "Marca": "Oroweat",
        "Preco": 2.19,
        "Unidade_Info": "0.55 Kg | 3,98 €/Kg",
        "Categorias_GTM": "Promoções, Mercearia, Pão e Bolos Embalados, Poupe Este Fim De Semana, Poupe Esta Semana",
        "Data_Coleta": "2025-06-01 01:44:07"
    },
    {
        "ID_Produto": "935849",
        "Categoria_Scraping": "promocoes",
        "Nome": "Desinfetante para Roupa Líquido",
        "Marca": "Sanytol",
        "Preco": 2.64,
        "Unidade_Info": "0.5 L | 5,28 €/L",
        "Categorias_GTM": "Aditivos, Casa, Roupa, Categoria Referência SFCC, Poupe Esta Semana",
        "Data_Coleta": "2025-06-01 01:44:07"
    },
    {
        "ID_Produto": "38781",
        "Categoria_Scraping": "promocoes",
        "Nome": "Arroz Carolino",
        "Marca": "Caçarola",
        "Preco": 1.19,
        "Unidade_Info": "1 Kg | 1,19 €/Kg",
        "Categorias_GTM": "Poupe Esta Semana, Promoções, Arroz, Arroz e Massa, Mercearia",
        "Data_Coleta": "2025-06-01 01:44:07"
    },
    {
        "ID_Produto": "859760",
        "Categoria_Scraping": "promocoes",
        "Nome": "Condicionador Cuidado Clássico",
        "Marca": "Tresemmé",
        "Preco": 5.99,
        "Unidade_Info": "0.9 L | 6,66 €/L",
        "Categorias_GTM": "Cabelo, Condicionador, Higiene Pessoal e Beleza, Poupe Esta Semana, Promoções",
        "Data_Coleta": "2025-06-01 01:44:07"
    },
    {
        "ID_Produto": "104333",
        "Categoria_Scraping": "promocoes",
        "Nome": "Caldo Culinário de Carne Cubos",
        "Marca": "Knorr",
        "Preco": 2.49,
        "Unidade_Info": "0.24 Kg | 10,38 €/Kg",
        "Categorias_GTM": "Caldos, Mercearia, Temperos, Categoria Referência SFCC, Poupe Este Fim De Semana",
        "Data_Coleta": "2025-06-01 01:44:07"
    },
    {
        "ID_Produto": "639003",
        "Categoria_Scraping": "promocoes",
        "Nome": "Fraldas Drynites Menino 4-7 Anos",
        "Marca": "Huggies",
        "Preco": 5.99,
        "Unidade_Info": "10 Un | 0,6 €/Un",
        "Categorias_GTM": "Poupe Esta Semana, Categoria Referência SFCC, Fraldas, Infantil, Promoções",
        "Data_Coleta": "2025-06-01 01:44:07"
    },
    {
        "ID_Produto": "984937",
        "Categoria_Scraping": "promocoes",
        "Nome": "Fraldas Cueca Pants 16-24kg T6",
        "Marca": "Rascal & Friends",
        "Preco": 5.99,
        "Unidade_Info": "24 Un | 0,25 €/Un",
        "Categorias_GTM": "Fraldas, Infantil, Categoria Referência SFCC, Poupe Esta Semana, Promoções",
        "Data_Coleta": "2025-06-01 01:44:07"
    },
    {
        "ID_Produto": "751676",
        "Categoria_Scraping": "promocoes",
        "Nome": "Lava Tudo Líquido Brilhante Euphoria",
        "Marca": "Sonasol",
        "Preco": 2.79,
        "Unidade_Info": "1.1 L | 2,54 €/L",
        "Categorias_GTM": "Poupe Esta Semana, Categoria Referência SFCC, Casa, Lava Tudo, Limpeza da Casa",
        "Data_Coleta": "2025-06-01 01:44:07"
    },
    {
        "ID_Produto": "940217",
        "Categoria_Scraping": "promocoes",
        "Nome": "Comida Húmida para Gato Seleção do Campo Fantastic",
        "Marca": "Purina Felix",
        "Preco": 2.24,
        "Unidade_Info": "0.34 Kg | 6,59 €/Kg",
        "Categorias_GTM": "Categoria Referência SFCC, Gato, Animais, Comida Húmida, Poupe Esta Semana",
        "Data_Coleta": "2025-06-01 01:44:07"
    },
    {
        "ID_Produto": "263840",
        "Categoria_Scraping": "promocoes",
        "Nome": "Vinho Tinto Alentejo Pingo Doce",
        "Marca": "Pingo Doce",
        "Preco": 1.49,
        "Unidade_Info": "0.75 L | 1,99 €/L",
        "Categorias_GTM": "Bebidas, Alentejo, Vinho Tinto, As Nossas Marcas, Pingo Doce",
        "Data_Coleta": "2025-06-01 01:44:07"
    },
    {
        "ID_Produto": "957597",
        "Categoria_Scraping": "promocoes",
        "Nome": "Champô Anticaspa Controlo de Oleosidade",
        "Marca": "Linic",
        "Preco": 6.74,
        "Unidade_Info": "0.61 L | 11,05 €/L",
        "Categorias_GTM": "Categoria Referência SFCC, Cabelo, Champô, Higiene Pessoal e Beleza, Poupe Esta Semana",
        "Data_Coleta": "2025-06-01 01:44:07"
    },
    {
        "ID_Produto": "963315",
        "Categoria_Scraping": "promocoes",
        "Nome": "Yofu Soja Natural sem Açúcar",
        "Marca": "Alpro",
        "Preco": 1.99,
        "Unidade_Info": "0.4 Kg | 4,97 €/Kg",
        "Categorias_GTM": "Alternativas Vegetais, Frigorífico, Iogurtes, Categoria Referência SFCC, Poupe Este Fim De Semana",
        "Data_Coleta": "2025-06-01 01:44:07"
    },
    {
        "ID_Produto": "917565",
        "Categoria_Scraping": "promocoes",
        "Nome": "Vinho Tinto Alentejo Arrabio",
        "Marca": "Arrabio",
        "Preco": 2.99,
        "Unidade_Info": "0.75 L | 3,99 €/L",
        "Categorias_GTM": "Promoções, Bebidas, Alentejo, Vinho Tinto, Poupe Esta Semana",
        "Data_Coleta": "2025-06-01 01:44:18"
    },
    {
        "ID_Produto": "831002",
        "Categoria_Scraping": "promocoes",
        "Nome": "Vinho Tinto Parcelas de Alqueva",
        "Marca": "Parcelas de Alqueva",
        "Preco": 5.99,
        "Unidade_Info": "5 L | 1,2 €/L",
        "Categorias_GTM": "Promoções, Categoria Referência SFCC, Bebidas, Corrente, Vinho Tinto",
        "Data_Coleta": "2025-06-01 01:44:18"
    },
    {
        "ID_Produto": "856736",
        "Categoria_Scraping": "promocoes",
        "Nome": "Flocos de Aveia 100% Integral",
        "Marca": "Quaker",
        "Preco": 1.49,
        "Unidade_Info": "0.5 Kg | 2,98 €/Kg",
        "Categorias_GTM": "Cereais e Barras, Linha e Fibra, Mercearia, Categoria Referência SFCC, Poupe Este Fim De Semana",
        "Data_Coleta": "2025-06-01 01:44:18"
    },
    {
        "ID_Produto": "906002",
        "Categoria_Scraping": "promocoes",
        "Nome": "Vinho Tinto Alentejo Poliphonia Reserva",
        "Marca": "Poliphonia",
        "Preco": 8.99,
        "Unidade_Info": "0.75 L | 11,99 €/L",
        "Categorias_GTM": "Bebidas, Alentejo, Vinho Tinto, Promoções, Poupe Esta Semana",
        "Data_Coleta": "2025-06-01 01:44:18"
    },
    {
        "ID_Produto": "961061",
        "Categoria_Scraping": "promocoes",
        "Nome": "Vinho Verde Branco Pássaros Alvarinho Reserva",
        "Marca": "Pássaros",
        "Preco": 5.99,
        "Unidade_Info": "0.75 L | 7,99 €/L",
        "Categorias_GTM": "Promoções, Verde, Bebidas, Vinho Branco, Poupe Esta Semana",
        "Data_Coleta": "2025-06-01 01:44:18"
    },
    {
        "ID_Produto": "286952",
        "Categoria_Scraping": "promocoes",
        "Nome": "Natas Frescas para Culinária",
        "Marca": "Président",
        "Preco": 1.97,
        "Unidade_Info": "0.2 L | 9,85 €/L",
        "Categorias_GTM": "Leite, Natas e Ovos, Natas, Béchamel e Chantilly, Categoria Referência SFCC, Poupe Esta Semana, Promoções",
        "Data_Coleta": "2025-06-01 01:44:18"
    },
    {
        "ID_Produto": "956885",
        "Categoria_Scraping": "promocoes",
        "Nome": "TORRADEIRA DUP HOFFEN F EXP TDRB-H158",
        "Marca": "HOFFEN",
        "Preco": 34.99,
        "Unidade_Info": "N/A",
        "Categorias_GTM": "Poupe Esta Semana, Promoções, Bazar, Pequenos Domésticos, Categoria Referência SFCC",
        "Data_Coleta": "2025-06-01 01:44:18"
    },
    {
        "ID_Produto": "908897",
        "Categoria_Scraping": "promocoes",
        "Nome": "Fraldas Activity XXL T6",
        "Marca": "Dodot",
        "Preco": 34.99,
        "Unidade_Info": "117 Dos | 0,3 €/Dos",
        "Categorias_GTM": "Fraldas, Infantil, Promoções, Poupe Esta Semana, Categoria Referência SFCC",
        "Data_Coleta": "2025-06-01 01:44:18"
    },
    {
        "ID_Produto": "938985",
        "Categoria_Scraping": "promocoes",
        "Nome": "Champô Elvive Hidra Hialurónico",
        "Marca": "Elvive",
        "Preco": 3.94,
        "Unidade_Info": "0.4 L | 9,85 €/L",
        "Categorias_GTM": "Cabelo, Champô, Higiene Pessoal e Beleza, Categoria Referência SFCC, Poupe Esta Semana",
        "Data_Coleta": "2025-06-01 01:44:18"
    },
    {
        "ID_Produto": "957520",
        "Categoria_Scraping": "promocoes",
        "Nome": "Champô Ultra Suave Abacate",
        "Marca": "Ultra Suave",
        "Preco": 7.09,
        "Unidade_Info": "1 L | 7,09 €/L",
        "Categorias_GTM": "Categoria Referência SFCC, Promoções, Poupe Esta Semana, Cabelo, Champô",
        "Data_Coleta": "2025-06-01 01:44:18"
    },
    {
        "ID_Produto": "960890",
        "Categoria_Scraping": "promocoes",
        "Nome": "Detergente Máquina Roupa Pó Tropical",
        "Marca": "Surf",
        "Preco": 8.99,
        "Unidade_Info": "66 Dos | 0,14 €/Dos",
        "Categorias_GTM": "Promoções, Poupe Esta Semana, Casa, Detergente, Roupa",
        "Data_Coleta": "2025-06-01 01:44:18"
    },
    {
        "ID_Produto": "898508",
        "Categoria_Scraping": "promocoes",
        "Nome": "Leite Infantil Aptamil 4 750 g",
        "Marca": "Aptamil",
        "Preco": 10.99,
        "Unidade_Info": "0.75 Kg | 14,65 €/Kg",
        "Categorias_GTM": "Poupe Esta Semana, Promoções, Categoria Referência SFCC, Alimentação, Infantil",
        "Data_Coleta": "2025-06-01 01:44:18"
    },
    {
        "ID_Produto": "865514",
        "Categoria_Scraping": "promocoes",
        "Nome": "Pão de Forma Integral com Côdea",
        "Marca": "Panrico",
        "Preco": 1.49,
        "Unidade_Info": "0.52 Kg | 2,87 €/Kg",
        "Categorias_GTM": "Mercearia, Pão e Bolos Embalados, Promoções, Poupe Esta Semana, Categoria Referência SFCC",
        "Data_Coleta": "2025-06-01 01:44:29"
    },
    {
        "ID_Produto": "887386",
        "Categoria_Scraping": "promocoes",
        "Nome": "Caracoleta Mitra",
        "Marca": "Nossa Peixaria",
        "Preco": 6.99,
        "Unidade_Info": "0.6 Kg | 6,99 €/Kg",
        "Categorias_GTM": "Categoria Referência SFCC, Poupe Esta Semana, Promoções, Poupe Este Fim De Semana",
        "Data_Coleta": "2025-06-01 01:44:29"
    },
    {
        "ID_Produto": "970498",
        "Categoria_Scraping": "promocoes",
        "Nome": "Gelado Mini Euphoria",
        "Marca": "Magnum",
        "Preco": 4.49,
        "Unidade_Info": "0.33 L | 13,61 €/L",
        "Categorias_GTM": "Congelados, Gelados, Categoria Referência SFCC, Poupe Esta Semana, Promoções",
        "Data_Coleta": "2025-06-01 01:44:29"
    },
    {
        "ID_Produto": "748453",
        "Categoria_Scraping": "promocoes",
        "Nome": "Café Moído Moagem Universal Colômbia",
        "Marca": "Delta",
        "Preco": 3.69,
        "Unidade_Info": "0.22 Kg | 16,77 €/Kg",
        "Categorias_GTM": "Categoria Referência SFCC, Café, Chá e Bebidas Quentes, Café Moído e Grão, Mercearia, Poupe Esta Semana",
        "Data_Coleta": "2025-06-01 01:44:29"
    },
    {
        "ID_Produto": "957937",
        "Categoria_Scraping": "promocoes",
        "Nome": "Ovas de Pescada Cozidas",
        "Marca": "Nossa Peixaria",
        "Preco": 4.99,
        "Unidade_Info": "0.2 Kg | 33,27 €/Kg",
        "Categorias_GTM": "Categoria Referência SFCC, Peixaria, Peixe, Poupe Este Fim De Semana, Poupe Esta Semana",
        "Data_Coleta": "2025-06-01 01:44:29"
    },
    {
        "ID_Produto": "925702",
        "Categoria_Scraping": "promocoes",
        "Nome": "Body Milk",
        "Marca": "Nivea",
        "Preco": 6.99,
        "Unidade_Info": "0.625 L | 11,18 €/L",
        "Categorias_GTM": "Promoções, Corpo, Hidratação, Higiene Pessoal e Beleza, Categoria Referência SFCC",
        "Data_Coleta": "2025-06-01 01:44:29"
    },
    {
        "ID_Produto": "909006",
        "Categoria_Scraping": "promocoes",
        "Nome": "Fraldas Activity XXL T4",
        "Marca": "Dodot",
        "Preco": 34.99,
        "Unidade_Info": "144 Un | 0,24 €/Un",
        "Categorias_GTM": "Fraldas, Infantil, Poupe Esta Semana, Promoções, Categoria Referência SFCC",
        "Data_Coleta": "2025-06-01 01:44:29"
    },
    {
        "ID_Produto": "844602",
        "Categoria_Scraping": "promocoes",
        "Nome": "Penso Higiénico Liberty com Abas Normal",
        "Marca": "Evax",
        "Preco": 2.79,
        "Unidade_Info": "12 Un | 0,23 €/Un",
        "Categorias_GTM": "Categoria Referência SFCC, Poupe Esta Semana, Promoções, Higiene Íntima, Higiene Pessoal e Beleza",
        "Data_Coleta": "2025-06-01 01:44:29"
    },
    {
        "ID_Produto": "650198",
        "Categoria_Scraping": "promocoes",
        "Nome": "Refrigerante com Gás Cola",
        "Marca": "Pepsi",
        "Preco": 1.09,
        "Unidade_Info": "1 L | 1,09 €/L",
        "Categorias_GTM": "Promoções, Poupe Esta Semana, Categoria Referência SFCC, Bebidas, Refrigerantes com Gás",
        "Data_Coleta": "2025-06-01 01:44:29"
    },
    {
        "ID_Produto": "619632",
        "Categoria_Scraping": "promocoes",
        "Nome": "Água sem Gás Pack 6",
        "Marca": "Vitalis",
        "Preco": 1.39,
        "Unidade_Info": "6 x0.33 L | 0,7 €/L",
        "Categorias_GTM": "Poupe Esta Semana, Categoria Referência SFCC, Promoções, Água, Água sem Gás",
        "Data_Coleta": "2025-06-01 01:44:29"
    },
    {
        "ID_Produto": "969054",
        "Categoria_Scraping": "promocoes",
        "Nome": "Cápsulas de Café Encorpado",
        "Marca": "NICOLA",
        "Preco": 2.89,
        "Unidade_Info": "10 Un | 0,29 €/Un",
        "Categorias_GTM": "Categoria Referência SFCC, Poupe Este Fim De Semana, Promoções",
        "Data_Coleta": "2025-06-01 01:44:29"
    },
    {
        "ID_Produto": "838429",
        "Categoria_Scraping": "promocoes",
        "Nome": "Miolo de Noz do Chile Metades",
        "Marca": "Frutorra",
        "Preco": 2.39,
        "Unidade_Info": "0.125 Kg | 19,12 €/Kg",
        "Categorias_GTM": "Aperitivos e Snacks, Frutos Secos e Desidratados, Mercearia, Poupe Esta Semana, Promoções",
        "Data_Coleta": "2025-06-01 01:44:29"
    },
    {
        "ID_Produto": "659354",
        "Categoria_Scraping": "promocoes",
        "Nome": "Vinho Tinto Alentejo Convento da Tomina",
        "Marca": "Convento da Tomina",
        "Preco": 9.69,
        "Unidade_Info": "0.75 L | 12,92 €/L",
        "Categorias_GTM": "Bebidas, Alentejo, Vinho Tinto, Categoria Referência SFCC, Poupe Este Fim De Semana",
        "Data_Coleta": "2025-06-01 01:44:41"
    },
    {
        "ID_Produto": "942463",
        "Categoria_Scraping": "promocoes",
        "Nome": "Cereais Krave de Avelã",
        "Marca": "Kellogg's",
        "Preco": 3.34,
        "Unidade_Info": "0.41 Kg | 8,15 €/Kg",
        "Categorias_GTM": "N/A",
        "Data_Coleta": "2025-06-01 01:44:41"
    },
    {
        "ID_Produto": "887362",
        "Categoria_Scraping": "promocoes",
        "Nome": "Bolsa de Fruta Maçã",
        "Marca": "GoGo squeeZ",
        "Preco": 2.69,
        "Unidade_Info": "0.36 Kg | 7,47 €/Kg",
        "Categorias_GTM": "Aperitivos e Snacks, Bolsas de Fruta, Mercearia, Poupe Esta Semana, Promoções",
        "Data_Coleta": "2025-06-01 01:44:41"
    },
    {
        "ID_Produto": "762941",
        "Categoria_Scraping": "promocoes",
        "Nome": "Bolsa Puré de Fruta 4 Frutas +4 Meses",
        "Marca": "Nestlé",
        "Preco": 0.65,
        "Unidade_Info": "0.09 Kg | 7,22 €/Kg",
        "Categorias_GTM": "Alimentação, Purés de Fruta e Sobremesas, Infantil, Categoria Referência SFCC, Poupe Este Fim De Semana",
        "Data_Coleta": "2025-06-01 01:44:41"
    },
    {
        "ID_Produto": "862298",
        "Categoria_Scraping": "promocoes",
        "Nome": "Vinho Tinto Península de Setúbal Alto Pina Reserva",
        "Marca": "Alto Pina",
        "Preco": 2.69,
        "Unidade_Info": "0.75 L | 3,59 €/L",
        "Categorias_GTM": "Promoções, Bebidas, Setúbal, Vinho Tinto, Categoria Referência SFCC",
        "Data_Coleta": "2025-06-01 01:44:41"
    },
    {
        "ID_Produto": "823050",
        "Categoria_Scraping": "promocoes",
        "Nome": "Amaciador Camomila",
        "Marca": "Garnier",
        "Preco": 3.79,
        "Unidade_Info": "0.4 L | 9,48 €/L",
        "Categorias_GTM": "Promoções, Poupe Esta Semana, Cabelo, Condicionador, Higiene Pessoal e Beleza",
        "Data_Coleta": "2025-06-01 01:44:41"
    },
    {
        "ID_Produto": "954746",
        "Categoria_Scraping": "promocoes",
        "Nome": "Bolachas dos Marinheiros Chia, Quinoa e Linhaça Dourada",
        "Marca": "Cuétara",
        "Preco": 1.59,
        "Unidade_Info": "0.15 Kg | 10,6 €/Kg",
        "Categorias_GTM": "Categoria Referência SFCC, Bolachas, Mercearia, Salgadas, Poupe Este Fim De Semana",
        "Data_Coleta": "2025-06-01 01:44:41"
    },
    {
        "ID_Produto": "923957",
        "Categoria_Scraping": "promocoes",
        "Nome": "Pensos Diários Maxi Aloe",
        "Marca": "Carefree",
        "Preco": 3.64,
        "Unidade_Info": "48 Un | 0,08 €/Un",
        "Categorias_GTM": "Poupe Esta Semana, Promoções, Categoria Referência SFCC, Higiene Íntima, Higiene Pessoal e Beleza",
        "Data_Coleta": "2025-06-01 01:44:41"
    },
    {
        "ID_Produto": "905534",
        "Categoria_Scraping": "promocoes",
        "Nome": "Desodorizante Spray para Homem Protect & Care",
        "Marca": "Nivea",
        "Preco": 3.47,
        "Unidade_Info": "0.15 L | 23,13 €/L",
        "Categorias_GTM": "Corpo, Desodorizantes, Higiene Pessoal e Beleza, Categoria Referência SFCC, Poupe Esta Semana",
        "Data_Coleta": "2025-06-01 01:44:41"
    },
    {
        "ID_Produto": "942373",
        "Categoria_Scraping": "promocoes",
        "Nome": "Mix para Panquecas sem Glutén",
        "Marca": "Pingo Doce",
        "Preco": 2.59,
        "Unidade_Info": "0.3 Kg | 8,63 €/Kg",
        "Categorias_GTM": "As Nossas Marcas, Pingo Doce, Alternativas Alimentares, Farinha, Arroz e Massa, Categoria Referência SFCC",
        "Data_Coleta": "2025-06-01 01:44:41"
    },
    {
        "ID_Produto": "955776",
        "Categoria_Scraping": "promocoes",
        "Nome": "Comida Húmida para Gato Adulto",
        "Marca": "Whiskas",
        "Preco": 8.39,
        "Unidade_Info": "2.04 Kg | 4,11 €/Kg",
        "Categorias_GTM": "Categoria Referência SFCC, Gato, Animais, Comida Húmida, Poupe Este Fim De Semana",
        "Data_Coleta": "2025-06-01 01:44:41"
    },
    {
        "ID_Produto": "883173",
        "Categoria_Scraping": "promocoes",
        "Nome": "Queijo de Prato Pequeno",
        "Marca": "Castelões",
        "Preco": 6.29,
        "Unidade_Info": "0.5 Kg | 12,58 €/Kg",
        "Categorias_GTM": "Fatiado e Bola, Frigorífico, Queijo, Categoria Referência SFCC, Poupe Esta Semana",
        "Data_Coleta": "2025-06-01 01:44:41"
    },
    {
        "ID_Produto": "641126",
        "Categoria_Scraping": "promocoes",
        "Nome": "Azeite Virgem Extra Ouro",
        "Marca": "Ouro D'Elvas",
        "Preco": 5.99,
        "Unidade_Info": "0.75 L | 7,99 €/L",
        "Categorias_GTM": "N/A",
        "Data_Coleta": "2025-06-01 01:44:52"
    },
    {
        "ID_Produto": "977945",
        "Categoria_Scraping": "promocoes",
        "Nome": "Pastilhas para Máquina Loiça Quantum Regular",
        "Marca": "Finish",
        "Preco": 10.99,
        "Unidade_Info": "56 Un | 0,2 €/Un",
        "Categorias_GTM": "Promoções, Casa, Detergente Máquina, Loiça, Poupe Esta Semana",
        "Data_Coleta": "2025-06-01 01:44:52"
    },
    {
        "ID_Produto": "978101",
        "Categoria_Scraping": "promocoes",
        "Nome": "Vinho Rosé Alentejo Pingo Doce Sangioveste e Touriga Nacional",
        "Marca": "Pingo Doce",
        "Preco": 2.99,
        "Unidade_Info": "0.75 L | 3,99 €/L",
        "Categorias_GTM": "As Nossas Marcas, Pingo Doce, Bebidas, Vinho Rosé, Categoria Referência SFCC",
        "Data_Coleta": "2025-06-01 01:44:52"
    },
    {
        "ID_Produto": "935111",
        "Categoria_Scraping": "promocoes",
        "Nome": "Bolsa de Fruta Frutos Variados +6 Meses",
        "Marca": "Blédina",
        "Preco": 0.69,
        "Unidade_Info": "0.085 Kg | 8,12 €/Kg",
        "Categorias_GTM": "Alimentação, Purés de Fruta e Sobremesas, Infantil, Categoria Referência SFCC, Poupe Esta Semana",
        "Data_Coleta": "2025-06-01 01:44:52"
    },
    {
        "ID_Produto": "984634",
        "Categoria_Scraping": "promocoes",
        "Nome": "Fraldas Sensitive Extra +14kg T6",
        "Marca": "Dodot",
        "Preco": 16.49,
        "Unidade_Info": "41 Un | 0,4 €/Un",
        "Categorias_GTM": "Infantil, Fraldas, Promoções, Poupe Esta Semana, Categoria Referência SFCC",
        "Data_Coleta": "2025-06-01 01:44:52"
    },
    {
        "ID_Produto": "754753",
        "Categoria_Scraping": "promocoes",
        "Nome": "Leite Galão Pack 3",
        "Marca": "Ucal",
        "Preco": 1.79,
        "Unidade_Info": "3 x0.2 L | 2,98 €/L",
        "Categorias_GTM": "Leite Aromatizado, Leite, Natas e Ovos, Categoria Referência SFCC, Poupe Este Fim De Semana, Poupe Esta Semana",
        "Data_Coleta": "2025-06-01 01:44:52"
    },
    {
        "ID_Produto": "887946",
        "Categoria_Scraping": "promocoes",
        "Nome": "Flocos de Cereais com Espelta e Aveia Zero",
        "Marca": "Nestum",
        "Preco": 2.24,
        "Unidade_Info": "0.25 Kg | 8,96 €/Kg",
        "Categorias_GTM": "Alimentação, Infantil, Papas, Categoria Referência SFCC, Poupe Esta Semana",
        "Data_Coleta": "2025-06-01 01:44:52"
    },
    {
        "ID_Produto": "925442",
        "Categoria_Scraping": "promocoes",
        "Nome": "Inseticida Elétrico Family APA 45 Noites",
        "Marca": "Raid",
        "Preco": 6.49,
        "Unidade_Info": "1 Un | 6,49 €/Un",
        "Categorias_GTM": "Casa, Inseticidas, Promoções, Poupe Esta Semana, Categoria Referência SFCC",
        "Data_Coleta": "2025-06-01 01:44:52"
    },
    {
        "ID_Produto": "984938",
        "Categoria_Scraping": "promocoes",
        "Nome": "Fraldas Rascal & Friends 3-5kg T1",
        "Marca": "Rascal & Friends",
        "Preco": 5.99,
        "Unidade_Info": "44 Un | 0,14 €/Un",
        "Categorias_GTM": "Fraldas, Infantil, Categoria Referência SFCC, Poupe Esta Semana, Promoções",
        "Data_Coleta": "2025-06-01 01:44:52"
    },
    {
        "ID_Produto": "755365",
        "Categoria_Scraping": "promocoes",
        "Nome": "Navalheira Cozida Fresca",
        "Marca": "Nossa Peixaria",
        "Preco": 15.99,
        "Unidade_Info": "1 Kg",
        "Categorias_GTM": "Categoria Referência SFCC, Marisco, Peixaria, Poupe Este Fim De Semana, Promoções",
        "Data_Coleta": "2025-06-01 01:44:52"
    },
    {
        "ID_Produto": "775335",
        "Categoria_Scraping": "promocoes",
        "Nome": "Vinho Tinto Alentejo Vila de Frades Coleção Privada",
        "Marca": "Vila De Frades",
        "Preco": 1.99,
        "Unidade_Info": "0.75 L | 2,65 €/L",
        "Categorias_GTM": "Bebidas, Alentejo, Vinho Tinto, Promoções, Poupe Esta Semana",
        "Data_Coleta": "2025-06-01 01:44:52"
    },
    {
        "ID_Produto": "930818",
        "Categoria_Scraping": "promocoes",
        "Nome": "Snack Infantil Tubinhos de Cenoura e Milho Bio +8 Meses",
        "Marca": "Blédina",
        "Preco": 0.99,
        "Unidade_Info": "0.02 Kg | 49,5 €/Kg",
        "Categorias_GTM": "Categoria Referência SFCC, Alimentação, Snacks e Bolachas, Infantil, Poupe Esta Semana",
        "Data_Coleta": "2025-06-01 01:44:52"
    },
    {
        "ID_Produto": "891762",
        "Categoria_Scraping": "promocoes",
        "Nome": "Cerveja sem Álcool Pack 6",
        "Marca": "Super Bock",
        "Preco": 4.49,
        "Unidade_Info": "6 x0.33 L | 2,27 €/L",
        "Categorias_GTM": "Cerveja, Bebidas, Sem Álcool, Poupe Esta Semana, Categoria Referência SFCC",
        "Data_Coleta": "2025-06-01 01:45:04"
    },
    {
        "ID_Produto": "753001",
        "Categoria_Scraping": "promocoes",
        "Nome": "Abrasivo Creme Ativo",
        "Marca": "Cif",
        "Preco": 2.69,
        "Unidade_Info": "0.7 L | 3,84 €/L",
        "Categorias_GTM": "Abrasivos, Casa, Limpeza da Casa, Poupe Esta Semana, Categoria Referência SFCC",
        "Data_Coleta": "2025-06-01 01:45:04"
    },
    {
        "ID_Produto": "823777",
        "Categoria_Scraping": "promocoes",
        "Nome": "Alheira de Trás-os-Montes",
        "Marca": "Pingo Doce",
        "Preco": 1.29,
        "Unidade_Info": "0.2 Kg | 6,45 €/Kg",
        "Categorias_GTM": "As Nossas Marcas, Pingo Doce, Alheira e Farinheira, Charcutaria, Poupe Esta Semana",
        "Data_Coleta": "2025-06-01 01:45:04"
    },
    {
        "ID_Produto": "729556",
        "Categoria_Scraping": "promocoes",
        "Nome": "Vinho Verde Branco O Tal Da Lixa",
        "Marca": "O Tal Vinho Da Lixa",
        "Preco": 2.24,
        "Unidade_Info": "0.75 L | 2,99 €/L",
        "Categorias_GTM": "Categoria Referência SFCC, Verde, Bebidas, Vinho Branco, Promoções",
        "Data_Coleta": "2025-06-01 01:45:04"
    },
    {
        "ID_Produto": "955171",
        "Categoria_Scraping": "promocoes",
        "Nome": "Toalhitas Bebé Aqua Pure",
        "Marca": "Dodot",
        "Preco": 8.99,
        "Unidade_Info": "288 Un | 0,03 €/Un",
        "Categorias_GTM": "Infantil, Toalhitas, Categoria Referência SFCC, Poupe Esta Semana, Promoções",
        "Data_Coleta": "2025-06-01 01:45:04"
    },
    {
        "ID_Produto": "52448",
        "Categoria_Scraping": "promocoes",
        "Nome": "Cerveja com Álcool Hefe",
        "Marca": "Franziskaner",
        "Preco": 1.99,
        "Unidade_Info": "0.5 L | 3,98 €/L",
        "Categorias_GTM": "Poupe Esta Semana, Promoções, Categoria Referência SFCC, Bebidas, Cerveja",
        "Data_Coleta": "2025-06-01 01:45:04"
    },
    {
        "ID_Produto": "937641",
        "Categoria_Scraping": "promocoes",
        "Nome": "Vinho Tinto Dão Américo Naco DOP Reserva",
        "Marca": "Naco",
        "Preco": 3.99,
        "Unidade_Info": "0.75 L | 5,32 €/L",
        "Categorias_GTM": "Categoria Referência SFCC, Bebidas, Dão, Beira e Bairrada, Vinho Tinto, Promoções",
        "Data_Coleta": "2025-06-01 01:45:04"
    },
    {
        "ID_Produto": "940204",
        "Categoria_Scraping": "promocoes",
        "Nome": "Comida Húmida para Gato Legumes Fantastic",
        "Marca": "Purina Felix",
        "Preco": 2.24,
        "Unidade_Info": "0.34 Kg | 6,59 €/Kg",
        "Categorias_GTM": "Promoções, Categoria Referência SFCC, Animais, Comida Húmida, Gato",
        "Data_Coleta": "2025-06-01 01:45:04"
    },
    {
        "ID_Produto": "873283",
        "Categoria_Scraping": "promocoes",
        "Nome": "Champô Classic 3 em 1",
        "Marca": "Pantene",
        "Preco": 3.94,
        "Unidade_Info": "0.3 L | 13,13 €/L",
        "Categorias_GTM": "Poupe Esta Semana, Categoria Referência SFCC, Cabelo, Champô, Higiene Pessoal e Beleza",
        "Data_Coleta": "2025-06-01 01:45:04"
    },
    {
        "ID_Produto": "986048",
        "Categoria_Scraping": "promocoes",
        "Nome": "Bebida Energética Gaseificada Zero",
        "Marca": "Red Bull",
        "Preco": 1.25,
        "Unidade_Info": "0.25 L | 5 €/L",
        "Categorias_GTM": "Bebidas, Energéticas e Isotónicas, Refrigerantes, Categoria Referência SFCC, Poupe Esta Semana",
        "Data_Coleta": "2025-06-01 01:45:04"
    },
    {
        "ID_Produto": "935107",
        "Categoria_Scraping": "promocoes",
        "Nome": "Bolsa de Fruta Banana e Morango +8 Meses",
        "Marca": "Blédina",
        "Preco": 0.69,
        "Unidade_Info": "0.085 Kg | 8,12 €/Kg",
        "Categorias_GTM": "Alimentação, Purés de Fruta e Sobremesas, Infantil, Poupe Esta Semana, Promoções",
        "Data_Coleta": "2025-06-01 01:45:04"
    },
    {
        "ID_Produto": "943554",
        "Categoria_Scraping": "promocoes",
        "Nome": "Arroz Basmati",
        "Marca": "Caçarola",
        "Preco": 2.39,
        "Unidade_Info": "1 Kg | 2,39 €/Kg",
        "Categorias_GTM": "Arroz, Arroz e Massa, Mercearia, Categoria Referência SFCC, Poupe Esta Semana",
        "Data_Coleta": "2025-06-01 01:45:04"
    },
    {
        "ID_Produto": "930216",
        "Categoria_Scraping": "promocoes",
        "Nome": "Café Torrado Moído Moagem Universal",
        "Marca": "Bellissimo",
        "Preco": 2.79,
        "Unidade_Info": "0.2 Kg | 13,95 €/Kg",
        "Categorias_GTM": "Café, Chá e Bebidas Quentes, Café Moído e Grão, Mercearia, Categoria Referência SFCC, Poupe Este Fim De Semana",
        "Data_Coleta": "2025-06-01 01:45:15"
    },
    {
        "ID_Produto": "857972",
        "Categoria_Scraping": "promocoes",
        "Nome": "Robalo Fresco Nacional 200/600",
        "Marca": "Nossa Peixaria",
        "Preco": 7.49,
        "Unidade_Info": "0.4 Kg",
        "Categorias_GTM": "Categoria Referência SFCC, Peixaria, Peixe, Poupe Este Fim De Semana, Poupe Esta Semana",
        "Data_Coleta": "2025-06-01 01:45:15"
    },
    {
        "ID_Produto": "459107",
        "Categoria_Scraping": "promocoes",
        "Nome": "Vinho Tinto Alentejo Cartuxa",
        "Marca": "Cartuxa",
        "Preco": 16.49,
        "Unidade_Info": "0.75 L | 21,99 €/L",
        "Categorias_GTM": "Categoria Referência SFCC, Bebidas, Alentejo, Vinho Tinto, Poupe Esta Semana",
        "Data_Coleta": "2025-06-01 01:45:15"
    },
    {
        "ID_Produto": "769881",
        "Categoria_Scraping": "promocoes",
        "Nome": "Sapateira Cozida",
        "Marca": "Nossa Peixaria",
        "Preco": 18.99,
        "Unidade_Info": "0.8 Kg",
        "Categorias_GTM": "Categoria Referência SFCC, Marisco, Peixaria, Poupe Este Fim De Semana, Promoções",
        "Data_Coleta": "2025-06-01 01:45:15"
    },
    {
        "ID_Produto": "473047010",
        "Categoria_Scraping": "promocoes",
        "Nome": "Yofu Soja Pedaços Pêssego e Frutos Exóticos Pack 4",
        "Marca": "Alpro",
        "Preco": 2.54,
        "Unidade_Info": "0.5 Kg | 5,08 €/Kg",
        "Categorias_GTM": "Promoções, Categoria Referência SFCC, Alternativas Vegetais, Frigorífico, Iogurtes",
        "Data_Coleta": "2025-06-01 01:45:15"
    },
    {
        "ID_Produto": "812332",
        "Categoria_Scraping": "promocoes",
        "Nome": "Mini Tostas Clássicas",
        "Marca": "La Mole",
        "Preco": 2.39,
        "Unidade_Info": "0.25 Kg | 9,56 €/Kg",
        "Categorias_GTM": "Categoria Referência SFCC, Aperitivos e Snacks, Mercearia, Tostas, Gressinos e Croutons, Poupe Este Fim De Semana",
        "Data_Coleta": "2025-06-01 01:45:15"
    },
    {
        "ID_Produto": "971547",
        "Categoria_Scraping": "promocoes",
        "Nome": "Champô Anticaspa Citrus",
        "Marca": "Head&Shoulders",
        "Preco": 9.94,
        "Unidade_Info": "0.8 L | 12,43 €/L",
        "Categorias_GTM": "Cabelo, Champô, Higiene Pessoal e Beleza, Promoções, Poupe Esta Semana",
        "Data_Coleta": "2025-06-01 01:45:15"
    },
    {
        "ID_Produto": "626916",
        "Categoria_Scraping": "promocoes",
        "Nome": "Douradinhos de Salmão Congelados",
        "Marca": "Capitão Iglo",
        "Preco": 4.99,
        "Unidade_Info": "0.28 Kg | 17,82 €/Kg",
        "Categorias_GTM": "Categoria Referência SFCC, Poupe Esta Semana, Promoções, Congelados, Barrinhas, Nuggets e Panados",
        "Data_Coleta": "2025-06-01 01:45:15"
    },
    {
        "ID_Produto": "909304",
        "Categoria_Scraping": "promocoes",
        "Nome": "Creme Corpo Hidratante",
        "Marca": "Soft&Co",
        "Preco": 5.99,
        "Unidade_Info": "0.5 L | 11,98 €/L",
        "Categorias_GTM": "Corpo, Hidratação, Higiene Pessoal e Beleza, Poupe Esta Semana, Promoções",
        "Data_Coleta": "2025-06-01 01:45:15"
    },
    {
        "ID_Produto": "776371",
        "Categoria_Scraping": "promocoes",
        "Nome": "Conjunto 2 Frigideiras Prática Plus",
        "Marca": "Celar",
        "Preco": 14.99,
        "Unidade_Info": "N/A",
        "Categorias_GTM": "Poupe Esta Semana, Promoções, Categoria Referência SFCC, Bazar, Pequenos Domésticos",
        "Data_Coleta": "2025-06-01 01:45:15"
    },
    {
        "ID_Produto": "764867",
        "Categoria_Scraping": "promocoes",
        "Nome": "Cevada Solúvel",
        "Marca": "Delta",
        "Preco": 2.59,
        "Unidade_Info": "0.2 Kg | 12,95 €/Kg",
        "Categorias_GTM": "Categoria Referência SFCC, Bebidas de Cereais, Café, Chá e Bebidas Quentes, Mercearia, Poupe Esta Semana",
        "Data_Coleta": "2025-06-01 01:45:15"
    },
    {
        "ID_Produto": "724260",
        "Categoria_Scraping": "promocoes",
        "Nome": "Pasta de Dentes Proteção Profissional Pro-Expert",
        "Marca": "Oral-B",
        "Preco": 2.99,
        "Unidade_Info": "0.075 L | 39,87 €/L",
        "Categorias_GTM": "Categoria Referência SFCC, Promoções, Higiene Oral, Higiene Pessoal e Beleza, Pasta de Dentes",
        "Data_Coleta": "2025-06-01 01:45:15"
    },
    {
        "ID_Produto": "967009",
        "Categoria_Scraping": "promocoes",
        "Nome": "Ambientador Spray Neutro Algodão",
        "Marca": "Air Wick",
        "Preco": 2.99,
        "Unidade_Info": "1 Un | 2,99 €/Un",
        "Categorias_GTM": "Ambientadores, Ambientadores, Casa, Promoções, Poupe Esta Semana",
        "Data_Coleta": "2025-06-01 01:45:28"
    },
    {
        "ID_Produto": "945140",
        "Categoria_Scraping": "promocoes",
        "Nome": "Sérum de Rosto com Bakuchiol",
        "Marca": "Be Beauty",
        "Preco": 5.49,
        "Unidade_Info": "0.03 L | 183 €/L",
        "Categorias_GTM": "As Nossas Marcas, Be Beauty, Categoria Referência SFCC, Hidratação, Higiene Pessoal e Beleza",
        "Data_Coleta": "2025-06-01 01:45:28"
    },
    {
        "ID_Produto": "821320",
        "Categoria_Scraping": "promocoes",
        "Nome": "Cápsulas de Café Sical",
        "Marca": "Nescafé Dolce Gusto",
        "Preco": 5.39,
        "Unidade_Info": "16 Un | 0,34 €/Un",
        "Categorias_GTM": "Café, Chá e Bebidas Quentes, Mercearia, Cápsulas de Café, Categoria Referência SFCC, Poupe Esta Semana",
        "Data_Coleta": "2025-06-01 01:45:28"
    },
    {
        "ID_Produto": "974643",
        "Categoria_Scraping": "promocoes",
        "Nome": "Granola de Cereais, Sementes e Frutos Secos",
        "Marca": "Salutem",
        "Preco": 3.69,
        "Unidade_Info": "0.4 Kg | 9,23 €/Kg",
        "Categorias_GTM": "Alternativas Alimentares, Cereais de Pequeno-Almoço, Categoria Referência SFCC, Poupe Este Fim De Semana, Poupe Esta Semana",
        "Data_Coleta": "2025-06-01 01:45:28"
    },
    {
        "ID_Produto": "550171",
        "Categoria_Scraping": "promocoes",
        "Nome": "Gelatina em Pó de Morango 0%",
        "Marca": "Royal",
        "Preco": 1.44,
        "Unidade_Info": "0.031 Kg | 46,45 €/Kg",
        "Categorias_GTM": "Categoria Referência SFCC, Gelatina, Mercearia, Sobremesas, Poupe Este Fim De Semana",
        "Data_Coleta": "2025-06-01 01:45:28"
    },
    {
        "ID_Produto": "53291",
        "Categoria_Scraping": "promocoes",
        "Nome": "Mexilhão Fresco",
        "Marca": "Nossa Peixaria",
        "Preco": 2.69,
        "Unidade_Info": "1 Kg",
        "Categorias_GTM": "Categoria Referência SFCC, Marisco, Peixaria, Poupe Este Fim De Semana, Promoções",
        "Data_Coleta": "2025-06-01 01:45:28"
    },
    {
        "ID_Produto": "954354",
        "Categoria_Scraping": "promocoes",
        "Nome": "Fraldas Cueca Rascals & Friends 13-18kg T5",
        "Marca": "Rascal + Friends",
        "Preco": 7.49,
        "Unidade_Info": "28 Un | 0,27 €/Un",
        "Categorias_GTM": "Fraldas, Infantil, Categoria Referência SFCC, Poupe Este Fim De Semana, Poupe Esta Semana",
        "Data_Coleta": "2025-06-01 01:45:28"
    },
    {
        "ID_Produto": "667823",
        "Categoria_Scraping": "promocoes",
        "Nome": "Queijo de Ovelha Curado de Seia Lagos",
        "Marca": "Lagos",
        "Preco": 9.79,
        "Unidade_Info": "0.45 Kg | 21,76 €/Kg",
        "Categorias_GTM": "Poupe Esta Semana, Categoria Referência SFCC, Promoções, Frigorífico, Nacional",
        "Data_Coleta": "2025-06-01 01:45:28"
    },
    {
        "ID_Produto": "946304",
        "Categoria_Scraping": "promocoes",
        "Nome": "Bolsa Multifrutas",
        "Marca": "GoGo squeeZ",
        "Preco": 2.69,
        "Unidade_Info": "0.36 Kg | 7,47 €/Kg",
        "Categorias_GTM": "Categoria Referência SFCC, Aperitivos e Snacks, Bolsas de Fruta, Mercearia, Poupe Esta Semana",
        "Data_Coleta": "2025-06-01 01:45:28"
    },
    {
        "ID_Produto": "953949",
        "Categoria_Scraping": "promocoes",
        "Nome": "Gel de Banho Coco",
        "Marca": "Natural Honey",
        "Preco": 4.89,
        "Unidade_Info": "1.35 L | 3,62 €/L",
        "Categorias_GTM": "Promoções, Categoria Referência SFCC, Poupe Esta Semana, Corpo, Gel de Banho",
        "Data_Coleta": "2025-06-01 01:45:28"
    },
    {
        "ID_Produto": "552183",
        "Categoria_Scraping": "promocoes",
        "Nome": "Comida Seca para Cão Júnior",
        "Marca": "Purina Friskies",
        "Preco": 9.74,
        "Unidade_Info": "3 Kg | 3,25 €/Kg",
        "Categorias_GTM": "Poupe Esta Semana, Promoções, Categoria Referência SFCC, Cão, Comida Seca",
        "Data_Coleta": "2025-06-01 01:45:28"
    },
    {
        "ID_Produto": "975514",
        "Categoria_Scraping": "promocoes",
        "Nome": "Spray Creme Branco",
        "Marca": "Cif",
        "Preco": 2.69,
        "Unidade_Info": "0.75 L | 3,59 €/L",
        "Categorias_GTM": "Promoções, Abrasivos, Casa, Limpeza da Casa, Poupe Esta Semana",
        "Data_Coleta": "2025-06-01 01:45:28"
    },
    {
        "ID_Produto": "920794",
        "Categoria_Scraping": "frutas-e-vegetais",
        "Nome": "Uva Branca Honey",
        "Marca": "Nossa Fruta e Legumes",
        "Preco": 2.69,
        "Unidade_Info": "0.4 Kg | 6,73 €/Kg",
        "Categorias_GTM": "Frutas, Frutas e Vegetais, Categoria Referência SFCC",
        "Data_Coleta": "2025-06-01 01:45:50"
    },
    {
        "ID_Produto": "43218",
        "Categoria_Scraping": "frutas-e-vegetais",
        "Nome": "Banana Importada",
        "Marca": "Nossa Fruta e Legumes",
        "Preco": 1.29,
        "Unidade_Info": "0.2 Kg",
        "Categorias_GTM": "Frutas, Frutas e Vegetais, Categoria Referência SFCC",
        "Data_Coleta": "2025-06-01 01:45:50"
    },
    {
        "ID_Produto": "487459",
        "Categoria_Scraping": "frutas-e-vegetais",
        "Nome": "Morango Embalado",
        "Marca": "Nossa Fruta e Legumes",
        "Preco": 1.99,
        "Unidade_Info": "0.5 Kg | 3,98 €/Kg",
        "Categorias_GTM": "Categoria Referência SFCC, Frutas, Frutas e Vegetais, Poupe Este Fim De Semana, Poupe Esta Semana",
        "Data_Coleta": "2025-06-01 01:45:50"
    },
    {
        "ID_Produto": "893466",
        "Categoria_Scraping": "frutas-e-vegetais",
        "Nome": "Alho Francês Embalado",
        "Marca": "Nossa Fruta e Legumes",
        "Preco": 1.89,
        "Unidade_Info": "0.4 Kg | 4,72 €/Kg",
        "Categorias_GTM": "Frutas e Vegetais, Vegetais, Categoria Referência SFCC",
        "Data_Coleta": "2025-06-01 01:45:50"
    },
    {
        "ID_Produto": "31208",
        "Categoria_Scraping": "frutas-e-vegetais",
        "Nome": "Banana da Madeira",
        "Marca": "Nossa Fruta e Legumes",
        "Preco": 2.99,
        "Unidade_Info": "1.2 Kg",
        "Categorias_GTM": "Frutas, Frutas e Vegetais, Categoria Referência SFCC",
        "Data_Coleta": "2025-06-01 01:45:50"
    },
    {
        "ID_Produto": "454634",
        "Categoria_Scraping": "frutas-e-vegetais",
        "Nome": "Batata para Cozer e Assar Embalada",
        "Marca": "Nossa Fruta e Legumes",
        "Preco": 3.59,
        "Unidade_Info": "3 Kg | 1,2 €/Kg",
        "Categorias_GTM": "Categoria Referência SFCC, Frutas e Vegetais, Vegetais",
        "Data_Coleta": "2025-06-01 01:45:50"
    },
    {
        "ID_Produto": "454635",
        "Categoria_Scraping": "frutas-e-vegetais",
        "Nome": "Batata para Fritar Embalada",
        "Marca": "Nossa Fruta e Legumes",
        "Preco": 3.59,
        "Unidade_Info": "3 Kg | 1,2 €/Kg",
        "Categorias_GTM": "Categoria Referência SFCC, Frutas e Vegetais, Vegetais",
        "Data_Coleta": "2025-06-01 01:45:50"
    },
    {
        "ID_Produto": "495691",
        "Categoria_Scraping": "frutas-e-vegetais",
        "Nome": "Brócolos",
        "Marca": "Nossa Fruta e Legumes",
        "Preco": 2.49,
        "Unidade_Info": "0.43 Kg",
        "Categorias_GTM": "Categoria Referência SFCC, Frutas e Vegetais, Vegetais",
        "Data_Coleta": "2025-06-01 01:45:50"
    },
    {
        "ID_Produto": "906515",
        "Categoria_Scraping": "frutas-e-vegetais",
        "Nome": "Cebola Embalada",
        "Marca": "Nossa Fruta e Legumes",
        "Preco": 2.45,
        "Unidade_Info": "2 Kg | 1,23 €/Kg",
        "Categorias_GTM": "Frutas e Vegetais, Vegetais, Categoria Referência SFCC",
        "Data_Coleta": "2025-06-01 01:45:50"
    },
    {
        "ID_Produto": "638809",
        "Categoria_Scraping": "frutas-e-vegetais",
        "Nome": "Cenoura",
        "Marca": "Nossa Fruta e Legumes",
        "Preco": 1.09,
        "Unidade_Info": "0.18 Kg",
        "Categorias_GTM": "Categoria Referência SFCC, Frutas e Vegetais, Vegetais",
        "Data_Coleta": "2025-06-01 01:45:50"
    },
    {
        "ID_Produto": "906668",
        "Categoria_Scraping": "frutas-e-vegetais",
        "Nome": "Cenoura Embalada",
        "Marca": "Nossa Fruta e Legumes",
        "Preco": 1.99,
        "Unidade_Info": "2 Kg | 1 €/Kg",
        "Categorias_GTM": "Frutas e Vegetais, Vegetais, Categoria Referência SFCC",
        "Data_Coleta": "2025-06-01 01:45:50"
    },
    {
        "ID_Produto": "42855",
        "Categoria_Scraping": "frutas-e-vegetais",
        "Nome": "Curgete",
        "Marca": "Nossa Fruta e Legumes",
        "Preco": 1.75,
        "Unidade_Info": "0.42 Kg",
        "Categorias_GTM": "Frutas e Vegetais, Vegetais, Categoria Referência SFCC",
        "Data_Coleta": "2025-06-01 01:45:50"
    },
    {
        "ID_Produto": "31239",
        "Categoria_Scraping": "frutas-e-vegetais",
        "Nome": "Kiwi",
        "Marca": "Nossa Fruta e Legumes",
        "Preco": 3.19,
        "Unidade_Info": "0.5 Kg",
        "Categorias_GTM": "Frutas, Frutas e Vegetais, Categoria Referência SFCC",
        "Data_Coleta": "2025-06-01 01:46:03"
    },
    {
        "ID_Produto": "46442",
        "Categoria_Scraping": "frutas-e-vegetais",
        "Nome": "Laranja",
        "Marca": "Nossa Fruta e Legumes",
        "Preco": 1.19,
        "Unidade_Info": "0.28 Kg",
        "Categorias_GTM": "Categoria Referência SFCC, Frutas, Frutas e Vegetais, Poupe Esta Semana, Promoções",
        "Data_Coleta": "2025-06-01 01:46:03"
    },
    {
        "ID_Produto": "764041",
        "Categoria_Scraping": "frutas-e-vegetais",
        "Nome": "Laranja IGP Algarve Embalada",
        "Marca": "Nossa Fruta e Legumes",
        "Preco": 2.49,
        "Unidade_Info": "1.5 Kg | 1,66 €/Kg",
        "Categorias_GTM": "Categoria Referência SFCC, Frutas, Frutas e Vegetais",
        "Data_Coleta": "2025-06-01 01:46:03"
    },
    {
        "ID_Produto": "54753",
        "Categoria_Scraping": "frutas-e-vegetais",
        "Nome": "Mamão Avião",
        "Marca": "Nossa Fruta e Legumes",
        "Preco": 4.39,
        "Unidade_Info": "1.34 Kg",
        "Categorias_GTM": "Categoria Referência SFCC, Frutas, Frutas e Vegetais",
        "Data_Coleta": "2025-06-01 01:46:03"
    },
    {
        "ID_Produto": "46570",
        "Categoria_Scraping": "frutas-e-vegetais",
        "Nome": "Mandarina",
        "Marca": "Nossa Fruta e Legumes",
        "Preco": 2.49,
        "Unidade_Info": "0.5 Kg",
        "Categorias_GTM": "Categoria Referência SFCC, Frutas, Frutas e Vegetais",
        "Data_Coleta": "2025-06-01 01:46:03"
    },
    {
        "ID_Produto": "46514",
        "Categoria_Scraping": "frutas-e-vegetais",
        "Nome": "Manga",
        "Marca": "Nossa Fruta e Legumes",
        "Preco": 4.99,
        "Unidade_Info": "0.42 Kg",
        "Categorias_GTM": "Categoria Referência SFCC, Frutas, Frutas e Vegetais",
        "Data_Coleta": "2025-06-01 01:46:03"
    },
    {
        "ID_Produto": "957832",
        "Categoria_Scraping": "frutas-e-vegetais",
        "Nome": "Mirtilos Embalados",
        "Marca": "Nossa Fruta e Legumes",
        "Preco": 4.29,
        "Unidade_Info": "0.3 Kg | 14,3 €/Kg",
        "Categorias_GTM": "Categoria Referência SFCC, Frutas, Frutas e Vegetais",
        "Data_Coleta": "2025-06-01 01:46:03"
    },
    {
        "ID_Produto": "962692",
        "Categoria_Scraping": "frutas-e-vegetais",
        "Nome": "Mirtilos Embalados",
        "Marca": "Nossa Fruta e Legumes",
        "Preco": 5.19,
        "Unidade_Info": "0.5 Kg | 10,38 €/Kg",
        "Categorias_GTM": "Frutas, Frutas e Vegetais, Categoria Referência SFCC",
        "Data_Coleta": "2025-06-01 01:46:03"
    },
    {
        "ID_Produto": "56755",
        "Categoria_Scraping": "frutas-e-vegetais",
        "Nome": "Papaia",
        "Marca": "Nossa Fruta e Legumes",
        "Preco": 4.59,
        "Unidade_Info": "0.67 Kg",
        "Categorias_GTM": "Categoria Referência SFCC, Frutas, Frutas e Vegetais",
        "Data_Coleta": "2025-06-01 01:46:03"
    },
    {
        "ID_Produto": "369927",
        "Categoria_Scraping": "frutas-e-vegetais",
        "Nome": "Pera Rocha DOP Oeste",
        "Marca": "Nossa Fruta e Legumes",
        "Preco": 2.49,
        "Unidade_Info": "0.19 Kg",
        "Categorias_GTM": "Frutas, Frutas e Vegetais, Categoria Referência SFCC",
        "Data_Coleta": "2025-06-01 01:46:03"
    },
    {
        "ID_Produto": "937654",
        "Categoria_Scraping": "frutas-e-vegetais",
        "Nome": "Abacate Embalado",
        "Marca": "Nossa Fruta e Legumes",
        "Preco": 3.39,
        "Unidade_Info": "0.7 Kg | 4,84 €/Kg",
        "Categorias_GTM": "Categoria Referência SFCC, Frutas, Frutas e Vegetais",
        "Data_Coleta": "2025-06-01 01:46:03"
    },
    {
        "ID_Produto": "394616",
        "Categoria_Scraping": "frutas-e-vegetais",
        "Nome": "Abacate Hass",
        "Marca": "Nossa Fruta e Legumes",
        "Preco": 4.49,
        "Unidade_Info": "0.23 Kg",
        "Categorias_GTM": "Frutas, Frutas e Vegetais, Categoria Referência SFCC",
        "Data_Coleta": "2025-06-01 01:46:03"
    },
    {
        "ID_Produto": "46554",
        "Categoria_Scraping": "frutas-e-vegetais",
        "Nome": "Abacaxi",
        "Marca": "Nossa Fruta e Legumes",
        "Preco": 1.39,
        "Unidade_Info": "2.02 Kg",
        "Categorias_GTM": "Categoria Referência SFCC, Frutas, Frutas e Vegetais",
        "Data_Coleta": "2025-06-01 01:46:09"
    },
    {
        "ID_Produto": "930853",
        "Categoria_Scraping": "frutas-e-vegetais",
        "Nome": "Alho Seco Embalado",
        "Marca": "Nossa Fruta e Legumes",
        "Preco": 1.79,
        "Unidade_Info": "0.25 Kg | 7,16 €/Kg",
        "Categorias_GTM": "Frutas e Vegetais, Vegetais, Categoria Referência SFCC",
        "Data_Coleta": "2025-06-01 01:46:09"
    },
    {
        "ID_Produto": "690987",
        "Categoria_Scraping": "frutas-e-vegetais",
        "Nome": "Batata Vermelha",
        "Marca": "Nossa Fruta e Legumes",
        "Preco": 1.59,
        "Unidade_Info": "0.5 Kg",
        "Categorias_GTM": "Categoria Referência SFCC, Frutas e Vegetais, Vegetais",
        "Data_Coleta": "2025-06-01 01:46:09"
    },
    {
        "ID_Produto": "958370",
        "Categoria_Scraping": "frutas-e-vegetais",
        "Nome": "Cebola Doce Embalada",
        "Marca": "Nossa Fruta e Legumes",
        "Preco": 2.39,
        "Unidade_Info": "1 Kg | 2,39 €/Kg",
        "Categorias_GTM": "Frutas e Vegetais, Vegetais, Categoria Referência SFCC",
        "Data_Coleta": "2025-06-01 01:46:09"
    },
    {
        "ID_Produto": "953132",
        "Categoria_Scraping": "frutas-e-vegetais",
        "Nome": "Coentros Embalados",
        "Marca": "Nossa Fruta e Legumes",
        "Preco": 0.99,
        "Unidade_Info": "0.05 Kg | 19,8 €/Kg",
        "Categorias_GTM": "Frutas e Vegetais, Vegetais, Categoria Referência SFCC",
        "Data_Coleta": "2025-06-01 01:46:09"
    },
    {
        "ID_Produto": "882947",
        "Categoria_Scraping": "frutas-e-vegetais",
        "Nome": "Cogumelos Branco Laminados Embalados",
        "Marca": "Nossa Fruta e Legumes",
        "Preco": 1.59,
        "Unidade_Info": "0.25 Kg | 6,36 €/Kg",
        "Categorias_GTM": "Frutas e Vegetais, Vegetais, Categoria Referência SFCC",
        "Data_Coleta": "2025-06-01 01:46:09"
    },
    {
        "ID_Produto": "882932",
        "Categoria_Scraping": "frutas-e-vegetais",
        "Nome": "Cogumelos Brancos Inteiros Embalados",
        "Marca": "Nossa Fruta e Legumes",
        "Preco": 1.59,
        "Unidade_Info": "0.3 Kg | 5,3 €/Kg",
        "Categorias_GTM": "Frutas e Vegetais, Vegetais, Categoria Referência SFCC",
        "Data_Coleta": "2025-06-01 01:46:09"
    },
    {
        "ID_Produto": "882936",
        "Categoria_Scraping": "frutas-e-vegetais",
        "Nome": "Cogumelos Portobello Pequenos Embalados",
        "Marca": "Nossa Fruta e Legumes",
        "Preco": 1.89,
        "Unidade_Info": "0.3 Kg | 6,3 €/Kg",
        "Categorias_GTM": "Frutas e Vegetais, Vegetais, Categoria Referência SFCC",
        "Data_Coleta": "2025-06-01 01:46:09"
    },
    {
        "ID_Produto": "495689",
        "Categoria_Scraping": "frutas-e-vegetais",
        "Nome": "Couve-Flor",
        "Marca": "Nossa Fruta e Legumes",
        "Preco": 1.89,
        "Unidade_Info": "0.85 Kg",
        "Categorias_GTM": "Categoria Referência SFCC, Frutas e Vegetais, Vegetais",
        "Data_Coleta": "2025-06-01 01:46:09"
    },
    {
        "ID_Produto": "643332",
        "Categoria_Scraping": "frutas-e-vegetais",
        "Nome": "Espargos Verdes",
        "Marca": "Nossa Fruta e Legumes",
        "Preco": 2.99,
        "Unidade_Info": "0.25 Kg | 11,96 €/Kg",
        "Categorias_GTM": "Categoria Referência SFCC, Frutas e Vegetais, Vegetais",
        "Data_Coleta": "2025-06-01 01:46:09"
    },
    {
        "ID_Produto": "906394",
        "Categoria_Scraping": "frutas-e-vegetais",
        "Nome": "Espinafres Embalados",
        "Marca": "Nossa Fruta e Legumes",
        "Preco": 1.19,
        "Unidade_Info": "0.17 Kg | 7 €/Kg",
        "Categorias_GTM": "Frutas e Vegetais, Vegetais, Categoria Referência SFCC",
        "Data_Coleta": "2025-06-01 01:46:09"
    },
    {
        "ID_Produto": "900660",
        "Categoria_Scraping": "frutas-e-vegetais",
        "Nome": "Feijão Verde Embalado",
        "Marca": "Nossa Fruta e Legumes",
        "Preco": 1.99,
        "Unidade_Info": "0.5 Kg | 3,98 €/Kg",
        "Categorias_GTM": "Frutas e Vegetais, Vegetais, Categoria Referência SFCC",
        "Data_Coleta": "2025-06-01 01:46:09"
    },
    {
        "ID_Produto": "836304",
        "Categoria_Scraping": "frutas-e-vegetais",
        "Nome": "Laranja Embalada",
        "Marca": "Nossa Padaria",
        "Preco": 3.49,
        "Unidade_Info": "3 Kg | 1,16 €/Kg",
        "Categorias_GTM": "Frutas, Frutas e Vegetais",
        "Data_Coleta": "2025-06-01 01:46:14"
    },
    {
        "ID_Produto": "261946",
        "Categoria_Scraping": "frutas-e-vegetais",
        "Nome": "Maçã Fuji",
        "Marca": "Nossa Fruta e Legumes",
        "Preco": 2.19,
        "Unidade_Info": "0.16 Kg",
        "Categorias_GTM": "Frutas, Frutas e Vegetais, Categoria Referência SFCC",
        "Data_Coleta": "2025-06-01 01:46:14"
    },
    {
        "ID_Produto": "30717",
        "Categoria_Scraping": "frutas-e-vegetais",
        "Nome": "Maçã Gala",
        "Marca": "Nossa Fruta e Legumes",
        "Preco": 1.99,
        "Unidade_Info": "0.16 Kg",
        "Categorias_GTM": "Frutas e Vegetais, Frutas, Categoria Referência SFCC",
        "Data_Coleta": "2025-06-01 01:46:14"
    },
    {
        "ID_Produto": "952933",
        "Categoria_Scraping": "frutas-e-vegetais",
        "Nome": "Maçã Gala Embalada",
        "Marca": "Nossa Fruta e Legumes",
        "Preco": 2.49,
        "Unidade_Info": "1.5 Kg | 1,66 €/Kg",
        "Categorias_GTM": "Frutas, Frutas e Vegetais, Categoria Referência SFCC",
        "Data_Coleta": "2025-06-01 01:46:14"
    },
    {
        "ID_Produto": "30825",
        "Categoria_Scraping": "frutas-e-vegetais",
        "Nome": "Maçã Golden",
        "Marca": "Nossa Fruta e Legumes",
        "Preco": 1.49,
        "Unidade_Info": "0.18 Kg",
        "Categorias_GTM": "Frutas e Vegetais, Frutas, Categoria Referência SFCC, Poupe Esta Semana, Promoções",
        "Data_Coleta": "2025-06-01 01:46:14"
    },
    {
        "ID_Produto": "41773",
        "Categoria_Scraping": "frutas-e-vegetais",
        "Nome": "Manga Maturada",
        "Marca": "Nossa Fruta e Legumes",
        "Preco": 2.75,
        "Unidade_Info": "0.45 Kg",
        "Categorias_GTM": "Frutas, Frutas e Vegetais, Categoria Referência SFCC",
        "Data_Coleta": "2025-06-01 01:46:14"
    },
    {
        "ID_Produto": "42854",
        "Categoria_Scraping": "frutas-e-vegetais",
        "Nome": "Pepino",
        "Marca": "Nossa Fruta e Legumes",
        "Preco": 0.99,
        "Unidade_Info": "0.26 Kg",
        "Categorias_GTM": "Frutas e Vegetais, Vegetais, Categoria Referência SFCC, Poupe Este Fim De Semana, Poupe Esta Semana",
        "Data_Coleta": "2025-06-01 01:46:14"
    },
    {
        "ID_Produto": "949756",
        "Categoria_Scraping": "frutas-e-vegetais",
        "Nome": "Pera Rocha DOP Oeste Embalada",
        "Marca": "Nossa Fruta e Legumes",
        "Preco": 1.79,
        "Unidade_Info": "1 Kg | 1,79 €/Kg",
        "Categorias_GTM": "Categoria Referência SFCC, Frutas, Frutas e Vegetais",
        "Data_Coleta": "2025-06-01 01:46:14"
    },
    {
        "ID_Produto": "46397",
        "Categoria_Scraping": "frutas-e-vegetais",
        "Nome": "Tomate Alongado  57/67",
        "Marca": "Nossa Fruta e Legumes",
        "Preco": 1.99,
        "Unidade_Info": "0.15 Kg",
        "Categorias_GTM": "Categoria Referência SFCC, Frutas e Vegetais, Vegetais",
        "Data_Coleta": "2025-06-01 01:46:14"
    },
    {
        "ID_Produto": "833383",
        "Categoria_Scraping": "frutas-e-vegetais",
        "Nome": "Tomate Cherry Biológico Embalado",
        "Marca": "Nossa Fruta e Legumes",
        "Preco": 1.79,
        "Unidade_Info": "0.25 Kg | 7,16 €/Kg",
        "Categorias_GTM": "Frutas e Vegetais, Vegetais, Categoria Referência SFCC",
        "Data_Coleta": "2025-06-01 01:46:14"
    },
    {
        "ID_Produto": "373083",
        "Categoria_Scraping": "frutas-e-vegetais",
        "Nome": "Tomate com Rama 57/67",
        "Marca": "Nossa Fruta e Legumes",
        "Preco": 1.39,
        "Unidade_Info": "0.11 Kg",
        "Categorias_GTM": "Frutas e Vegetais, Vegetais, Categoria Referência SFCC, Poupe Este Fim De Semana, Poupe Esta Semana",
        "Data_Coleta": "2025-06-01 01:46:14"
    },
    {
        "ID_Produto": "952910",
        "Categoria_Scraping": "frutas-e-vegetais",
        "Nome": "Tomate Doce Cherry com Rama Embalado",
        "Marca": "Nossa Fruta e Legumes",
        "Preco": 2.69,
        "Unidade_Info": "0.35 Kg | 7,69 €/Kg",
        "Categorias_GTM": "Categoria Referência SFCC, Frutas e Vegetais, Vegetais",
        "Data_Coleta": "2025-06-01 01:46:14"
    },
    {
        "ID_Produto": "32816",
        "Categoria_Scraping": "frutas-e-vegetais",
        "Nome": "Tomate Redondo 70/95",
        "Marca": "Nossa Fruta e Legumes",
        "Preco": 1.99,
        "Unidade_Info": "0.21 Kg",
        "Categorias_GTM": "Frutas e Vegetais, Vegetais, Categoria Referência SFCC",
        "Data_Coleta": "2025-06-01 01:46:20"
    },
    {
        "ID_Produto": "937267",
        "Categoria_Scraping": "frutas-e-vegetais",
        "Nome": "Uva Preta Embalada",
        "Marca": "Nossa Fruta e Legumes",
        "Preco": 2.69,
        "Unidade_Info": "0.4 Kg | 6,73 €/Kg",
        "Categorias_GTM": "Categoria Referência SFCC, Frutas, Frutas e Vegetais",
        "Data_Coleta": "2025-06-01 01:46:20"
    },
    {
        "ID_Produto": "836306",
        "Categoria_Scraping": "frutas-e-vegetais",
        "Nome": "Abacate Embalado",
        "Marca": "Nossa Fruta e Legumes",
        "Preco": 2.49,
        "Unidade_Info": "0.3 Kg | 8,3 €/Kg",
        "Categorias_GTM": "Frutas, Frutas e Vegetais, Categoria Referência SFCC",
        "Data_Coleta": "2025-06-01 01:46:20"
    },
    {
        "ID_Produto": "920629",
        "Categoria_Scraping": "frutas-e-vegetais",
        "Nome": "Abacaxi Honeyglow Delmonte",
        "Marca": "Nossa Fruta e Legumes",
        "Preco": 1.99,
        "Unidade_Info": "2.05 Kg",
        "Categorias_GTM": "Frutas, Frutas e Vegetais, Categoria Referência SFCC",
        "Data_Coleta": "2025-06-01 01:46:20"
    },
    {
        "ID_Produto": "915653",
        "Categoria_Scraping": "frutas-e-vegetais",
        "Nome": "Abóbora Cortada Biológica Embalada",
        "Marca": "Nossa Fruta e Legumes",
        "Preco": 1.99,
        "Unidade_Info": "0.35 Kg | 5,69 €/Kg",
        "Categorias_GTM": "Frutas e Vegetais, Vegetais, Categoria Referência SFCC",
        "Data_Coleta": "2025-06-01 01:46:20"
    },
    {
        "ID_Produto": "920739",
        "Categoria_Scraping": "frutas-e-vegetais",
        "Nome": "Abóbora Cubos Embalada",
        "Marca": "Nossa Fruta e Legumes",
        "Preco": 1.59,
        "Unidade_Info": "0.4 Un | 3,98 €/Un",
        "Categorias_GTM": "Frutas e Vegetais, Vegetais, Categoria Referência SFCC",
        "Data_Coleta": "2025-06-01 01:46:20"
    },
    {
        "ID_Produto": "951831",
        "Categoria_Scraping": "frutas-e-vegetais",
        "Nome": "Agrião Embalado",
        "Marca": "Nossa Fruta e Legumes",
        "Preco": 1.39,
        "Unidade_Info": "0.15 Kg | 9,27 €/Kg",
        "Categorias_GTM": "Frutas e Vegetais, Vegetais, Categoria Referência SFCC",
        "Data_Coleta": "2025-06-01 01:46:20"
    },
    {
        "ID_Produto": "262753",
        "Categoria_Scraping": "frutas-e-vegetais",
        "Nome": "Alface Frisada Embalada",
        "Marca": "Nossa Fruta e Legumes",
        "Preco": 1.99,
        "Unidade_Info": "0.49 Kg",
        "Categorias_GTM": "Frutas e Vegetais, Vegetais, Categoria Referência SFCC",
        "Data_Coleta": "2025-06-01 01:46:20"
    },
    {
        "ID_Produto": "905261",
        "Categoria_Scraping": "frutas-e-vegetais",
        "Nome": "Alface Iceberg Embalada",
        "Marca": "Nossa Fruta e Legumes",
        "Preco": 1.49,
        "Unidade_Info": "0.4 Kg | 3,72 €/Kg",
        "Categorias_GTM": "Frutas e Vegetais, Vegetais, Categoria Referência SFCC",
        "Data_Coleta": "2025-06-01 01:46:20"
    },
    {
        "ID_Produto": "913025",
        "Categoria_Scraping": "frutas-e-vegetais",
        "Nome": "Alho Francês Inteiro",
        "Marca": "Nossa Fruta e Legumes",
        "Preco": 1.99,
        "Unidade_Info": "0.7 Kg | 2,84 €/Kg",
        "Categorias_GTM": "Frutas e Vegetais, Vegetais, Categoria Referência SFCC",
        "Data_Coleta": "2025-06-01 01:46:20"
    },
    {
        "ID_Produto": "906848",
        "Categoria_Scraping": "frutas-e-vegetais",
        "Nome": "Alho Seco",
        "Marca": "Nossa Fruta e Legumes",
        "Preco": 6.69,
        "Unidade_Info": "0.09 Kg",
        "Categorias_GTM": "Frutas e Vegetais, Vegetais, Categoria Referência SFCC",
        "Data_Coleta": "2025-06-01 01:46:20"
    },
    {
        "ID_Produto": "981072",
        "Categoria_Scraping": "frutas-e-vegetais",
        "Nome": "Batata de Conserva Embalada",
        "Marca": "Nossa Fruta e Legumes",
        "Preco": 1.98,
        "Unidade_Info": "0.6 Kg | 3,3 €/Kg",
        "Categorias_GTM": "Frutas e Vegetais, Vegetais, Categoria Referência SFCC",
        "Data_Coleta": "2025-06-01 01:46:20"
    },
    {
        "ID_Produto": "954290",
        "Categoria_Scraping": "frutas-e-vegetais",
        "Nome": "Batata para Assar Embalada",
        "Marca": "Nossa Fruta e Legumes",
        "Preco": 1.45,
        "Unidade_Info": "1 Kg | 1,45 €/Kg",
        "Categorias_GTM": "Frutas e Vegetais, Vegetais, Categoria Referência SFCC",
        "Data_Coleta": "2025-06-01 01:46:26"
    },
    {
        "ID_Produto": "954175",
        "Categoria_Scraping": "frutas-e-vegetais",
        "Nome": "Batata para Assar Premium Embalada",
        "Marca": "Nossa Fruta e Legumes",
        "Preco": 2.19,
        "Unidade_Info": "1 Kg | 2,19 €/Kg",
        "Categorias_GTM": "Frutas e Vegetais, Vegetais, Categoria Referência SFCC",
        "Data_Coleta": "2025-06-01 01:46:26"
    },
    {
        "ID_Produto": "962511",
        "Categoria_Scraping": "frutas-e-vegetais",
        "Nome": "Batata para Cozer Premium Embalada",
        "Marca": "Nossa Fruta e Legumes",
        "Preco": 3.89,
        "Unidade_Info": "2 Kg | 1,95 €/Kg",
        "Categorias_GTM": "Frutas e Vegetais, Vegetais, Categoria Referência SFCC",
        "Data_Coleta": "2025-06-01 01:46:26"
    },
    {
        "ID_Produto": "46387",
        "Categoria_Scraping": "frutas-e-vegetais",
        "Nome": "Beringela",
        "Marca": "Nossa Fruta e Legumes",
        "Preco": 2.49,
        "Unidade_Info": "0.34 Kg",
        "Categorias_GTM": "Categoria Referência SFCC, Frutas e Vegetais, Vegetais",
        "Data_Coleta": "2025-06-01 01:46:26"
    },
    {
        "ID_Produto": "766203",
        "Categoria_Scraping": "frutas-e-vegetais",
        "Nome": "Bimi Embalado",
        "Marca": "Nossa Fruta e Legumes",
        "Preco": 2.39,
        "Unidade_Info": "0.2 Kg | 11,95 €/Kg",
        "Categorias_GTM": "Frutas e Vegetais, Vegetais, Categoria Referência SFCC",
        "Data_Coleta": "2025-06-01 01:46:26"
    },
    {
        "ID_Produto": "669683",
        "Categoria_Scraping": "frutas-e-vegetais",
        "Nome": "Caldo Verde Embalado",
        "Marca": "Nossa Fruta e Legumes",
        "Preco": 0.99,
        "Unidade_Info": "0.2 Kg | 4,95 €/Kg",
        "Categorias_GTM": "Categoria Referência SFCC, Frutas e Vegetais, Vegetais",
        "Data_Coleta": "2025-06-01 01:46:26"
    },
    {
        "ID_Produto": "958371",
        "Categoria_Scraping": "frutas-e-vegetais",
        "Nome": "Cebola Roxa Embalada",
        "Marca": "Nossa Fruta e Legumes",
        "Preco": 2.39,
        "Unidade_Info": "1 Kg | 2,39 €/Kg",
        "Categorias_GTM": "Frutas e Vegetais, Vegetais, Categoria Referência SFCC",
        "Data_Coleta": "2025-06-01 01:46:26"
    },
    {
        "ID_Produto": "971611",
        "Categoria_Scraping": "frutas-e-vegetais",
        "Nome": "Cenoura Biológica Embalada",
        "Marca": "Nossa Fruta e Legumes",
        "Preco": 1.09,
        "Unidade_Info": "0.5 Kg | 2,18 €/Kg",
        "Categorias_GTM": "Frutas e Vegetais, Vegetais, Categoria Referência SFCC",
        "Data_Coleta": "2025-06-01 01:46:26"
    },
    {
        "ID_Produto": "500109",
        "Categoria_Scraping": "frutas-e-vegetais",
        "Nome": "Chuchu",
        "Marca": "Nossa Fruta e Legumes",
        "Preco": 2.79,
        "Unidade_Info": "0.39 Kg",
        "Categorias_GTM": "Categoria Referência SFCC, Frutas e Vegetais, Vegetais",
        "Data_Coleta": "2025-06-01 01:46:26"
    },
    {
        "ID_Produto": "587389",
        "Categoria_Scraping": "frutas-e-vegetais",
        "Nome": "Couve Coração de Boi",
        "Marca": "Nossa Fruta e Legumes",
        "Preco": 1.29,
        "Unidade_Info": "0.89 Kg",
        "Categorias_GTM": "Categoria Referência SFCC, Frutas e Vegetais, Vegetais",
        "Data_Coleta": "2025-06-01 01:46:26"
    },
    {
        "ID_Produto": "587388",
        "Categoria_Scraping": "frutas-e-vegetais",
        "Nome": "Couve Lombarda",
        "Marca": "Nossa Fruta e Legumes",
        "Preco": 1.69,
        "Unidade_Info": "1.24 Kg",
        "Categorias_GTM": "Categoria Referência SFCC, Frutas e Vegetais, Vegetais",
        "Data_Coleta": "2025-06-01 01:46:26"
    },
    {
        "ID_Produto": "42856",
        "Categoria_Scraping": "frutas-e-vegetais",
        "Nome": "Feijão Verde",
        "Marca": "Nossa Fruta e Legumes",
        "Preco": 2.99,
        "Unidade_Info": "0.25 Kg",
        "Categorias_GTM": "Frutas e Vegetais, Vegetais, Categoria Referência SFCC, Poupe Esta Semana, Promoções",
        "Data_Coleta": "2025-06-01 01:46:26"
    },
    {
        "ID_Produto": "945079",
        "Categoria_Scraping": "frutas-e-vegetais",
        "Nome": "Framboesa Embalada",
        "Marca": "Nossa Fruta e Legumes",
        "Preco": 3.39,
        "Unidade_Info": "0.25 Kg | 13,56 €/Kg",
        "Categorias_GTM": "Categoria Referência SFCC, Frutas, Frutas e Vegetais",
        "Data_Coleta": "2025-06-01 01:46:32"
    },
    {
        "ID_Produto": "54677",
        "Categoria_Scraping": "frutas-e-vegetais",
        "Nome": "Limão",
        "Marca": "Nossa Fruta e Legumes",
        "Preco": 2.29,
        "Unidade_Info": "0.17 Kg",
        "Categorias_GTM": "Categoria Referência SFCC, Frutas, Frutas e Vegetais",
        "Data_Coleta": "2025-06-01 01:46:32"
    },
    {
        "ID_Produto": "955160",
        "Categoria_Scraping": "frutas-e-vegetais",
        "Nome": "Maçã Gala Kids Embalada",
        "Marca": "Nossa Fruta e Legumes",
        "Preco": 1.59,
        "Unidade_Info": "1 Un | 1,59 €/Un",
        "Categorias_GTM": "Categoria Referência SFCC, Frutas, Frutas e Vegetais",
        "Data_Coleta": "2025-06-01 01:46:32"
    },
    {
        "ID_Produto": "323718",
        "Categoria_Scraping": "frutas-e-vegetais",
        "Nome": "Maçã Pink Lady",
        "Marca": "Nossa Fruta e Legumes",
        "Preco": 2.85,
        "Unidade_Info": "0.21 Kg",
        "Categorias_GTM": "Frutas, Frutas e Vegetais, Categoria Referência SFCC",
        "Data_Coleta": "2025-06-01 01:46:32"
    },
    {
        "ID_Produto": "296638",
        "Categoria_Scraping": "frutas-e-vegetais",
        "Nome": "Melancia Preta Poucas Sementes",
        "Marca": "Nossa Fruta e Legumes",
        "Preco": 1.49,
        "Unidade_Info": "3.42 Kg",
        "Categorias_GTM": "Promoções, Frutas, Frutas e Vegetais, Poupe Esta Semana, Categoria Referência SFCC",
        "Data_Coleta": "2025-06-01 01:46:32"
    },
    {
        "ID_Produto": "728710",
        "Categoria_Scraping": "frutas-e-vegetais",
        "Nome": "Melão Amarelo",
        "Marca": "Nossa Fruta e Legumes",
        "Preco": 1.99,
        "Unidade_Info": "2 Kg",
        "Categorias_GTM": "Categoria Referência SFCC, Frutas, Frutas e Vegetais",
        "Data_Coleta": "2025-06-01 01:46:32"
    },
    {
        "ID_Produto": "495213",
        "Categoria_Scraping": "frutas-e-vegetais",
        "Nome": "Melão Verde",
        "Marca": "Nossa Fruta e Legumes",
        "Preco": 1.59,
        "Unidade_Info": "3.2 Kg",
        "Categorias_GTM": "Categoria Referência SFCC, Poupe Esta Semana, Promoções, Frutas, Frutas e Vegetais",
        "Data_Coleta": "2025-06-01 01:46:32"
    },
    {
        "ID_Produto": "57687",
        "Categoria_Scraping": "frutas-e-vegetais",
        "Nome": "Meloa Galia",
        "Marca": "Nossa Fruta e Legumes",
        "Preco": 1.99,
        "Unidade_Info": "1.1 Kg",
        "Categorias_GTM": "Categoria Referência SFCC, Frutas, Frutas e Vegetais, Poupe Esta Semana, Promoções",
        "Data_Coleta": "2025-06-01 01:46:32"
    },
    {
        "ID_Produto": "684075",
        "Categoria_Scraping": "frutas-e-vegetais",
        "Nome": "Mix de Framboesa e Mirtilo Embalados",
        "Marca": "Nossa Fruta e Legumes",
        "Preco": 4.49,
        "Unidade_Info": "0.3 Kg | 14,97 €/Kg",
        "Categorias_GTM": "Categoria Referência SFCC, Frutas, Frutas e Vegetais",
        "Data_Coleta": "2025-06-01 01:46:32"
    },
    {
        "ID_Produto": "46421",
        "Categoria_Scraping": "frutas-e-vegetais",
        "Nome": "Nabos sem Rama",
        "Marca": "Nossa Fruta e Legumes",
        "Preco": 1.79,
        "Unidade_Info": "0.31 Kg",
        "Categorias_GTM": "Categoria Referência SFCC, Frutas e Vegetais, Vegetais, Poupe Este Fim De Semana, Poupe Esta Semana",
        "Data_Coleta": "2025-06-01 01:46:32"
    },
    {
        "ID_Produto": "954747",
        "Categoria_Scraping": "frutas-e-vegetais",
        "Nome": "Pimentos Tricolor Embalados",
        "Marca": "Nossa Fruta e Legumes",
        "Preco": 2.69,
        "Unidade_Info": "0.5 Kg | 5,38 €/Kg",
        "Categorias_GTM": "Frutas e Vegetais, Vegetais, Categoria Referência SFCC",
        "Data_Coleta": "2025-06-01 01:46:32"
    },
    {
        "ID_Produto": "54900",
        "Categoria_Scraping": "frutas-e-vegetais",
        "Nome": "Pimento Verde",
        "Marca": "Nossa Fruta e Legumes",
        "Preco": 2.89,
        "Unidade_Info": "0.27 Kg",
        "Categorias_GTM": "Categoria Referência SFCC, Frutas e Vegetais, Vegetais",
        "Data_Coleta": "2025-06-01 01:46:32"
    },
    {
        "ID_Produto": "54901",
        "Categoria_Scraping": "frutas-e-vegetais",
        "Nome": "Pimento Vermelho",
        "Marca": "Nossa Fruta e Legumes",
        "Preco": 2.89,
        "Unidade_Info": "0.35 Kg",
        "Categorias_GTM": "Frutas e Vegetais, Vegetais, Categoria Referência SFCC",
        "Data_Coleta": "2025-06-01 01:46:38"
    },
    {
        "ID_Produto": "725352",
        "Categoria_Scraping": "frutas-e-vegetais",
        "Nome": "Preparado Sopa Espinafre Embalado",
        "Marca": "Nossa Fruta e Legumes",
        "Preco": 2.29,
        "Unidade_Info": "0.5 Kg | 4,58 €/Kg",
        "Categorias_GTM": "Frutas e Vegetais, Vegetais, Categoria Referência SFCC",
        "Data_Coleta": "2025-06-01 01:46:38"
    },
    {
        "ID_Produto": "725557",
        "Categoria_Scraping": "frutas-e-vegetais",
        "Nome": "Rúcula Selvagem Embalada",
        "Marca": "Nossa Fruta e Legumes",
        "Preco": 0.99,
        "Unidade_Info": "0.1 Kg | 9,9 €/Kg",
        "Categorias_GTM": "Categoria Referência SFCC, Frutas e Vegetais, Vegetais",
        "Data_Coleta": "2025-06-01 01:46:38"
    },
    {
        "ID_Produto": "906396",
        "Categoria_Scraping": "frutas-e-vegetais",
        "Nome": "Salada Alentejana Embalada",
        "Marca": "Nossa Fruta e Legumes",
        "Preco": 1.39,
        "Unidade_Info": "0.15 Kg | 9,27 €/Kg",
        "Categorias_GTM": "Frutas e Vegetais, Vegetais, Categoria Referência SFCC",
        "Data_Coleta": "2025-06-01 01:46:38"
    },
    {
        "ID_Produto": "906397",
        "Categoria_Scraping": "frutas-e-vegetais",
        "Nome": "Salada Camponesa Embalada",
        "Marca": "Nossa Fruta e Legumes",
        "Preco": 1.39,
        "Unidade_Info": "0.25 Kg | 5,56 €/Kg",
        "Categorias_GTM": "Vegetais, Frutas e Vegetais, Categoria Referência SFCC",
        "Data_Coleta": "2025-06-01 01:46:38"
    },
    {
        "ID_Produto": "726241",
        "Categoria_Scraping": "frutas-e-vegetais",
        "Nome": "Salada Fresca Embalada",
        "Marca": "Nossa Fruta e Legumes",
        "Preco": 1.49,
        "Unidade_Info": "0.15 Kg | 9,93 €/Kg",
        "Categorias_GTM": "Categoria Referência SFCC, Frutas e Vegetais, Vegetais",
        "Data_Coleta": "2025-06-01 01:46:38"
    },
    {
        "ID_Produto": "906395",
        "Categoria_Scraping": "frutas-e-vegetais",
        "Nome": "Salada Ibéria Embalada",
        "Marca": "Nossa Fruta e Legumes",
        "Preco": 1.39,
        "Unidade_Info": "0.15 Kg | 9,27 €/Kg",
        "Categorias_GTM": "Frutas e Vegetais, Vegetais, Categoria Referência SFCC",
        "Data_Coleta": "2025-06-01 01:46:38"
    },
    {
        "ID_Produto": "725572",
        "Categoria_Scraping": "frutas-e-vegetais",
        "Nome": "Salada Iceberd Embalada",
        "Marca": "Nossa Fruta e Legumes",
        "Preco": 0.99,
        "Unidade_Info": "0.3 Kg | 3,3 €/Kg",
        "Categorias_GTM": "Frutas e Vegetais, Vegetais, Categoria Referência SFCC",
        "Data_Coleta": "2025-06-01 01:46:38"
    },
    {
        "ID_Produto": "953129",
        "Categoria_Scraping": "frutas-e-vegetais",
        "Nome": "Salsa Embalada",
        "Marca": "Nossa Fruta e Legumes",
        "Preco": 0.99,
        "Unidade_Info": "0.05 Kg | 19,8 €/Kg",
        "Categorias_GTM": "Vegetais, Frutas e Vegetais, Categoria Referência SFCC",
        "Data_Coleta": "2025-06-01 01:46:38"
    },
    {
        "ID_Produto": "819408",
        "Categoria_Scraping": "frutas-e-vegetais",
        "Nome": "Tomate Embalado",
        "Marca": "Nossa Fruta e Legumes",
        "Preco": 1.99,
        "Unidade_Info": "1 Un | 1,99 €/Un",
        "Categorias_GTM": "Categoria Referência SFCC, Frutas e Vegetais, Vegetais",
        "Data_Coleta": "2025-06-01 01:46:38"
    },
    {
        "ID_Produto": "966522",
        "Categoria_Scraping": "frutas-e-vegetais",
        "Nome": "Tomate Rosa Selecionado",
        "Marca": "Nossa Fruta e Legumes",
        "Preco": 2.99,
        "Unidade_Info": "0.3 Kg",
        "Categorias_GTM": "Frutas e Vegetais, Vegetais, Categoria Referência SFCC",
        "Data_Coleta": "2025-06-01 01:46:38"
    },
    {
        "ID_Produto": "922203",
        "Categoria_Scraping": "frutas-e-vegetais",
        "Nome": "Uva Rosada Premium",
        "Marca": "Nossa Fruta e Legumes",
        "Preco": 2.69,
        "Unidade_Info": "0.4 Kg | 6,73 €/Kg",
        "Categorias_GTM": "Frutas, Frutas e Vegetais, Categoria Referência SFCC",
        "Data_Coleta": "2025-06-01 01:46:38"
    },
    {
        "ID_Produto": "824515",
        "Categoria_Scraping": "frutas-e-vegetais",
        "Nome": "Aipo Cortado Embalado",
        "Marca": "Nossa Fruta e Legumes",
        "Preco": 1.69,
        "Unidade_Info": "0.5 Kg | 3,38 €/Kg",
        "Categorias_GTM": "Frutas e Vegetais, Vegetais, Categoria Referência SFCC",
        "Data_Coleta": "2025-06-01 01:46:44"
    },
    {
        "ID_Produto": "859444",
        "Categoria_Scraping": "frutas-e-vegetais",
        "Nome": "Alface Frisada Embalada",
        "Marca": "Nossa Fruta e Legumes",
        "Preco": 1.09,
        "Unidade_Info": "0.125 Kg | 8,72 €/Kg",
        "Categorias_GTM": "Frutas e Vegetais, Vegetais, Categoria Referência SFCC",
        "Data_Coleta": "2025-06-01 01:46:44"
    },
    {
        "ID_Produto": "921121",
        "Categoria_Scraping": "frutas-e-vegetais",
        "Nome": "Alface Lisa Embalada",
        "Marca": "Nossa Fruta e Legumes",
        "Preco": 1.29,
        "Unidade_Info": "0.15 Kg | 8,6 €/Kg",
        "Categorias_GTM": "Frutas e Vegetais, Vegetais, Categoria Referência SFCC",
        "Data_Coleta": "2025-06-01 01:46:44"
    },
    {
        "ID_Produto": "921122",
        "Categoria_Scraping": "frutas-e-vegetais",
        "Nome": "Alface Roxa Embalada",
        "Marca": "Nossa Fruta e Legumes",
        "Preco": 1.29,
        "Unidade_Info": "0.15 Kg | 8,6 €/Kg",
        "Categorias_GTM": "Vegetais, Frutas e Vegetais, Categoria Referência SFCC",
        "Data_Coleta": "2025-06-01 01:46:44"
    },
    {
        "ID_Produto": "863649",
        "Categoria_Scraping": "frutas-e-vegetais",
        "Nome": "Alho Seco Biológico Embalado",
        "Marca": "Nossa Fruta e Legumes",
        "Preco": 1.99,
        "Unidade_Info": "0.2 Kg | 9,95 €/Kg",
        "Categorias_GTM": "Frutas e Vegetais, Vegetais, Categoria Referência SFCC",
        "Data_Coleta": "2025-06-01 01:46:44"
    },
    {
        "ID_Produto": "847631",
        "Categoria_Scraping": "frutas-e-vegetais",
        "Nome": "Allho Seco Inteiro Descascado Embalado",
        "Marca": "Nossa Fruta e Legumes",
        "Preco": 1.89,
        "Unidade_Info": "0.13 Kg | 14,54 €/Kg",
        "Categorias_GTM": "Categoria Referência SFCC, Frutas e Vegetais, Vegetais",
        "Data_Coleta": "2025-06-01 01:46:44"
    },
    {
        "ID_Produto": "966747",
        "Categoria_Scraping": "frutas-e-vegetais",
        "Nome": "Amora Embalada",
        "Marca": "Nossa Fruta e Legumes",
        "Preco": 2.49,
        "Unidade_Info": "0.15 Kg | 16,6 €/Kg",
        "Categorias_GTM": "Frutas, Frutas e Vegetais, Categoria Referência SFCC",
        "Data_Coleta": "2025-06-01 01:46:44"
    },
    {
        "ID_Produto": "964120",
        "Categoria_Scraping": "frutas-e-vegetais",
        "Nome": "Batata para Fritar Premium Embalada",
        "Marca": "Nossa Fruta e Legumes",
        "Preco": 3.89,
        "Unidade_Info": "2 Kg | 1,95 €/Kg",
        "Categorias_GTM": "Frutas e Vegetais, Vegetais, Categoria Referência SFCC",
        "Data_Coleta": "2025-06-01 01:46:44"
    },
    {
        "ID_Produto": "977895",
        "Categoria_Scraping": "frutas-e-vegetais",
        "Nome": "Batata Princesa Amandine Embalada",
        "Marca": "Nossa Fruta e Legumes",
        "Preco": 2.99,
        "Unidade_Info": "1.5 Kg | 1,99 €/Kg",
        "Categorias_GTM": "Frutas e Vegetais, Vegetais, Categoria Referência SFCC",
        "Data_Coleta": "2025-06-01 01:46:44"
    },
    {
        "ID_Produto": "46389",
        "Categoria_Scraping": "frutas-e-vegetais",
        "Nome": "Beterraba",
        "Marca": "Nossa Fruta e Legumes",
        "Preco": 1.69,
        "Unidade_Info": "0.35 Kg",
        "Categorias_GTM": "Categoria Referência SFCC, Frutas e Vegetais, Vegetais",
        "Data_Coleta": "2025-06-01 01:46:44"
    },
    {
        "ID_Produto": "954751",
        "Categoria_Scraping": "frutas-e-vegetais",
        "Nome": "Beterraba Cozida Embalada",
        "Marca": "Nossa Fruta e Legumes",
        "Preco": 1.39,
        "Unidade_Info": "0.5 Kg | 2,78 €/Kg",
        "Categorias_GTM": "Frutas e Vegetais, Vegetais, Categoria Referência SFCC",
        "Data_Coleta": "2025-06-01 01:46:44"
    },
    {
        "ID_Produto": "927132",
        "Categoria_Scraping": "frutas-e-vegetais",
        "Nome": "Cenoura Ripada Embalada",
        "Marca": "Nossa Fruta e Legumes",
        "Preco": 0.89,
        "Unidade_Info": "0.2 Kg | 4,45 €/Kg",
        "Categorias_GTM": "Frutas e Vegetais, Vegetais, Categoria Referência SFCC",
        "Data_Coleta": "2025-06-01 01:46:44"
    },
    {
        "ID_Produto": "858682",
        "Categoria_Scraping": "frutas-e-vegetais",
        "Nome": "Cogumelos Shitake",
        "Marca": "Nossa Fruta e Legumes",
        "Preco": 2.99,
        "Unidade_Info": "0.2 Kg | 14,95 €/Kg",
        "Categorias_GTM": "Frutas e Vegetais, Vegetais, Categoria Referência SFCC",
        "Data_Coleta": "2025-06-01 01:46:51"
    },
    {
        "ID_Produto": "821196",
        "Categoria_Scraping": "frutas-e-vegetais",
        "Nome": "Couve Kale Biológica",
        "Marca": "Nossa Fruta e Legumes",
        "Preco": 1.99,
        "Unidade_Info": "0.2 Kg | 9,95 €/Kg",
        "Categorias_GTM": "Frutas e Vegetais, Vegetais, Categoria Referência SFCC",
        "Data_Coleta": "2025-06-01 01:46:51"
    },
    {
        "ID_Produto": "350891",
        "Categoria_Scraping": "frutas-e-vegetais",
        "Nome": "Espinafres",
        "Marca": "Nossa Fruta e Legumes",
        "Preco": 5.49,
        "Unidade_Info": "0.64 Kg",
        "Categorias_GTM": "Frutas e Vegetais, Vegetais, Categoria Referência SFCC",
        "Data_Coleta": "2025-06-01 01:46:51"
    },
    {
        "ID_Produto": "977776",
        "Categoria_Scraping": "frutas-e-vegetais",
        "Nome": "Espinafres Embalados",
        "Marca": "Nossa Fruta e Legumes",
        "Preco": 2.49,
        "Unidade_Info": "0.25 Kg | 9,96 €/Kg",
        "Categorias_GTM": "Frutas e Vegetais, Vegetais, Categoria Referência SFCC",
        "Data_Coleta": "2025-06-01 01:46:51"
    },
    {
        "ID_Produto": "500110",
        "Categoria_Scraping": "frutas-e-vegetais",
        "Nome": "Gengibre",
        "Marca": "Nossa Fruta e Legumes",
        "Preco": 5.29,
        "Unidade_Info": "0.27 Kg",
        "Categorias_GTM": "Categoria Referência SFCC, Frutas e Vegetais, Vegetais",
        "Data_Coleta": "2025-06-01 01:46:51"
    },
    {
        "ID_Produto": "953128",
        "Categoria_Scraping": "frutas-e-vegetais",
        "Nome": "Hortelã Embalada",
        "Marca": "Nossa Fruta e Legumes",
        "Preco": 0.99,
        "Unidade_Info": "0.05 Kg | 19,8 €/Kg",
        "Categorias_GTM": "Categoria Referência SFCC, Frutas e Vegetais, Vegetais",
        "Data_Coleta": "2025-06-01 01:46:51"
    },
    {
        "ID_Produto": "46503",
        "Categoria_Scraping": "frutas-e-vegetais",
        "Nome": "Lima",
        "Marca": "Nossa Fruta e Legumes",
        "Preco": 3.39,
        "Unidade_Info": "0.09 Kg",
        "Categorias_GTM": "Categoria Referência SFCC, Frutas, Frutas e Vegetais",
        "Data_Coleta": "2025-06-01 01:46:51"
    },
    {
        "ID_Produto": "278210",
        "Categoria_Scraping": "frutas-e-vegetais",
        "Nome": "Mandioca",
        "Marca": "Nossa Fruta e Legumes",
        "Preco": 3.99,
        "Unidade_Info": "0.43 Kg",
        "Categorias_GTM": "Frutas e Vegetais, Vegetais, Categoria Referência SFCC",
        "Data_Coleta": "2025-06-01 01:46:51"
    },
    {
        "ID_Produto": "746925",
        "Categoria_Scraping": "frutas-e-vegetais",
        "Nome": "Manjericão Embalado",
        "Marca": "Nossa Fruta e Legumes",
        "Preco": 1.69,
        "Unidade_Info": "0.025 Kg | 67,6 €/Kg",
        "Categorias_GTM": "Frutas e Vegetais, Vegetais, Categoria Referência SFCC",
        "Data_Coleta": "2025-06-01 01:46:51"
    },
    {
        "ID_Produto": "823511",
        "Categoria_Scraping": "frutas-e-vegetais",
        "Nome": "Mirtilos Embalado",
        "Marca": "Nossa Fruta e Legumes",
        "Preco": 2.59,
        "Unidade_Info": "0.125 Kg | 20,72 €/Kg",
        "Categorias_GTM": "Categoria Referência SFCC, Frutas, Frutas e Vegetais",
        "Data_Coleta": "2025-06-01 01:46:51"
    },
    {
        "ID_Produto": "756213",
        "Categoria_Scraping": "frutas-e-vegetais",
        "Nome": "Mix Pimentos Mini Embalados",
        "Marca": "Nossa Fruta e Legumes",
        "Preco": 1.99,
        "Unidade_Info": "0.2 Kg | 9,95 €/Kg",
        "Categorias_GTM": "Categoria Referência SFCC, Frutas e Vegetais, Vegetais",
        "Data_Coleta": "2025-06-01 01:46:51"
    },
    {
        "ID_Produto": "859443",
        "Categoria_Scraping": "frutas-e-vegetais",
        "Nome": "Nabiças Embaladas",
        "Marca": "Nossa Fruta e Legumes",
        "Preco": 1.29,
        "Unidade_Info": "0.15 Kg | 8,6 €/Kg",
        "Categorias_GTM": "Frutas e Vegetais, Vegetais, Categoria Referência SFCC",
        "Data_Coleta": "2025-06-01 01:46:51"
    },
    {
        "ID_Produto": "819929",
        "Categoria_Scraping": "frutas-e-vegetais",
        "Nome": "Pepino Doce",
        "Marca": "Nossa Fruta e Legumes",
        "Preco": 1.19,
        "Unidade_Info": "0.2 Kg | 5,95 €/Kg",
        "Categorias_GTM": "Frutas e Vegetais, Vegetais, Categoria Referência SFCC",
        "Data_Coleta": "2025-06-01 01:46:57"
    },
    {
        "ID_Produto": "756506",
        "Categoria_Scraping": "frutas-e-vegetais",
        "Nome": "Pimentos Padrão Embalado",
        "Marca": "Nossa Fruta e Legumes",
        "Preco": 1.99,
        "Unidade_Info": "0.25 Kg | 7,96 €/Kg",
        "Categorias_GTM": "Frutas e Vegetais, Vegetais, Categoria Referência SFCC",
        "Data_Coleta": "2025-06-01 01:46:57"
    },
    {
        "ID_Produto": "818866",
        "Categoria_Scraping": "frutas-e-vegetais",
        "Nome": "Pitaia Vermelha",
        "Marca": "Nossa Fruta e Legumes",
        "Preco": 3.99,
        "Unidade_Info": "0.32 Kg | 12,47 €/Kg",
        "Categorias_GTM": "Categoria Referência SFCC, Frutas, Frutas e Vegetais",
        "Data_Coleta": "2025-06-01 01:46:57"
    },
    {
        "ID_Produto": "725353",
        "Categoria_Scraping": "frutas-e-vegetais",
        "Nome": "Preparado Sopa Agrião Embalado",
        "Marca": "Nossa Fruta e Legumes",
        "Preco": 2.29,
        "Unidade_Info": "0.5 Kg | 4,58 €/Kg",
        "Categorias_GTM": "Frutas e Vegetais, Vegetais, Categoria Referência SFCC",
        "Data_Coleta": "2025-06-01 01:46:57"
    },
    {
        "ID_Produto": "955142",
        "Categoria_Scraping": "frutas-e-vegetais",
        "Nome": "Preparado Sopa Portuguesa Embalado",
        "Marca": "Nossa Fruta e Legumes",
        "Preco": 1.29,
        "Unidade_Info": "0.4 Kg | 3,23 €/Kg",
        "Categorias_GTM": "Categoria Referência SFCC, Frutas e Vegetais, Vegetais",
        "Data_Coleta": "2025-06-01 01:46:57"
    },
    {
        "ID_Produto": "643270",
        "Categoria_Scraping": "frutas-e-vegetais",
        "Nome": "Rabanetes Embalados",
        "Marca": "Nossa Fruta e Legumes",
        "Preco": 0.99,
        "Unidade_Info": "0.125 Kg | 7,92 €/Kg",
        "Categorias_GTM": "Categoria Referência SFCC, Frutas e Vegetais, Vegetais",
        "Data_Coleta": "2025-06-01 01:46:57"
    },
    {
        "ID_Produto": "725559",
        "Categoria_Scraping": "frutas-e-vegetais",
        "Nome": "Salada Gourmet Embalada",
        "Marca": "Nossa Fruta e Legumes",
        "Preco": 1.29,
        "Unidade_Info": "0.175 Kg | 7,37 €/Kg",
        "Categorias_GTM": "Frutas e Vegetais, Vegetais, Categoria Referência SFCC",
        "Data_Coleta": "2025-06-01 01:46:57"
    },
    {
        "ID_Produto": "847885",
        "Categoria_Scraping": "frutas-e-vegetais",
        "Nome": "Salada Ibérica Embalada",
        "Marca": "Nossa Fruta e Legumes",
        "Preco": 1.79,
        "Unidade_Info": "0.1 Kg | 17,9 €/Kg",
        "Categorias_GTM": "Categoria Referência SFCC, Frutas e Vegetais, Vegetais",
        "Data_Coleta": "2025-06-01 01:46:57"
    },
    {
        "ID_Produto": "906398",
        "Categoria_Scraping": "frutas-e-vegetais",
        "Nome": "Salada Premium Embalada",
        "Marca": "Nossa Fruta e Legumes",
        "Preco": 1.19,
        "Unidade_Info": "0.2 Kg | 5,95 €/Kg",
        "Categorias_GTM": "Frutas e Vegetais, Vegetais, Categoria Referência SFCC",
        "Data_Coleta": "2025-06-01 01:46:57"
    },
    {
        "ID_Produto": "893465",
        "Categoria_Scraping": "frutas-e-vegetais",
        "Nome": "Abóbora Embalada",
        "Marca": "Nossa Fruta e Legumes",
        "Preco": 1.59,
        "Unidade_Info": "0.6 Kg | 2,65 €/Kg",
        "Categorias_GTM": "Frutas e Vegetais, Vegetais, Categoria Referência SFCC",
        "Data_Coleta": "2025-06-01 01:46:57"
    },
    {
        "ID_Produto": "48284",
        "Categoria_Scraping": "frutas-e-vegetais",
        "Nome": "Banana para Fritar",
        "Marca": "Nossa Fruta e Legumes",
        "Preco": 2.99,
        "Unidade_Info": "0.26 Kg",
        "Categorias_GTM": "Categoria Referência SFCC, Frutas, Frutas e Vegetais",
        "Data_Coleta": "2025-06-01 01:46:57"
    },
    {
        "ID_Produto": "984962",
        "Categoria_Scraping": "frutas-e-vegetais",
        "Nome": "Batata Branca Embalada",
        "Marca": "Vitacress",
        "Preco": 1.98,
        "Unidade_Info": "0.4 Kg | 4,95 €/Kg",
        "Categorias_GTM": "Frutas e Vegetais, Vegetais, Categoria Referência SFCC",
        "Data_Coleta": "2025-06-01 01:46:57"
    },
    {
        "ID_Produto": "759485",
        "Categoria_Scraping": "frutas-e-vegetais",
        "Nome": "Cebolinho Embalado",
        "Marca": "Nossa Fruta e Legumes",
        "Preco": 1.69,
        "Unidade_Info": "0.02 Kg | 84,5 €/Kg",
        "Categorias_GTM": "Frutas e Vegetais, Vegetais, Categoria Referência SFCC",
        "Data_Coleta": "2025-06-01 01:47:03"
    },
    {
        "ID_Produto": "882935",
        "Categoria_Scraping": "frutas-e-vegetais",
        "Nome": "Cogumelos Portobello Grandes Embalados",
        "Marca": "Nossa Fruta e Legumes",
        "Preco": 1.89,
        "Unidade_Info": "0.22 Kg | 8,59 €/Kg",
        "Categorias_GTM": "Frutas e Vegetais, Vegetais, Categoria Referência SFCC",
        "Data_Coleta": "2025-06-01 01:47:03"
    },
    {
        "ID_Produto": "927137",
        "Categoria_Scraping": "frutas-e-vegetais",
        "Nome": "Couve Roxa Ripada",
        "Marca": "Nossa Fruta e Legumes",
        "Preco": 0.99,
        "Unidade_Info": "0.2 Kg | 4,95 €/Kg",
        "Categorias_GTM": "Frutas e Vegetais, Vegetais, Categoria Referência SFCC",
        "Data_Coleta": "2025-06-01 01:47:03"
    },
    {
        "ID_Produto": "945835",
        "Categoria_Scraping": "frutas-e-vegetais",
        "Nome": "Crocante Quente ou Frio",
        "Marca": "Nossa Fruta e Legumes",
        "Preco": 1.99,
        "Unidade_Info": "0.25 Kg | 7,96 €/Kg",
        "Categorias_GTM": "Vegetais, Frutas e Vegetais, Categoria Referência SFCC",
        "Data_Coleta": "2025-06-01 01:47:03"
    },
    {
        "ID_Produto": "873881",
        "Categoria_Scraping": "frutas-e-vegetais",
        "Nome": "Endívia",
        "Marca": "Nossa Fruta e Legumes",
        "Preco": 2.99,
        "Unidade_Info": "0.4 Kg | 7,48 €/Kg",
        "Categorias_GTM": "Frutas e Vegetais, Vegetais, Categoria Referência SFCC",
        "Data_Coleta": "2025-06-01 01:47:03"
    },
    {
        "ID_Produto": "954750",
        "Categoria_Scraping": "frutas-e-vegetais",
        "Nome": "Milho Cozido Embalado",
        "Marca": "Nossa Fruta e Legumes",
        "Preco": 1.89,
        "Unidade_Info": "0.45 Kg | 4,2 €/Kg",
        "Categorias_GTM": "Categoria Referência SFCC, Frutas e Vegetais, Vegetais",
        "Data_Coleta": "2025-06-01 01:47:03"
    },
    {
        "ID_Produto": "913642",
        "Categoria_Scraping": "frutas-e-vegetais",
        "Nome": "Mix Malaguetas Embaladas",
        "Marca": "Nossa Fruta e Legumes",
        "Preco": 1.39,
        "Unidade_Info": "0.1 Kg | 13,9 €/Kg",
        "Categorias_GTM": "Frutas e Vegetais, Vegetais, Categoria Referência SFCC",
        "Data_Coleta": "2025-06-01 01:47:03"
    },
    {
        "ID_Produto": "936321",
        "Categoria_Scraping": "frutas-e-vegetais",
        "Nome": "Pepino Mini",
        "Marca": "Nossa Fruta e Legumes",
        "Preco": 1.39,
        "Unidade_Info": "0.25 Kg | 5,56 €/Kg",
        "Categorias_GTM": "Frutas e Vegetais, Vegetais, Categoria Referência SFCC",
        "Data_Coleta": "2025-06-01 01:47:03"
    },
    {
        "ID_Produto": "955143",
        "Categoria_Scraping": "frutas-e-vegetais",
        "Nome": "Preparado Sopa Juliana Embalado",
        "Marca": "Nossa Fruta e Legumes",
        "Preco": 1.29,
        "Unidade_Info": "0.4 Kg | 3,23 €/Kg",
        "Categorias_GTM": "Frutas e Vegetais, Vegetais, Categoria Referência SFCC",
        "Data_Coleta": "2025-06-01 01:47:03"
    },
    {
        "ID_Produto": "725354",
        "Categoria_Scraping": "frutas-e-vegetais",
        "Nome": "Preparado Sopa Nabiça Embalado",
        "Marca": "Nossa Fruta e Legumes",
        "Preco": 2.29,
        "Unidade_Info": "0.5 Kg | 4,58 €/Kg",
        "Categorias_GTM": "Categoria Referência SFCC, Frutas e Vegetais, Vegetais",
        "Data_Coleta": "2025-06-01 01:47:03"
    },
    {
        "ID_Produto": "916177",
        "Categoria_Scraping": "frutas-e-vegetais",
        "Nome": "Quiabos Embalados",
        "Marca": "Nossa Fruta e Legumes",
        "Preco": 3.99,
        "Unidade_Info": "0.2 Un | 19,95 €/Un",
        "Categorias_GTM": "Frutas e Vegetais, Vegetais, Categoria Referência SFCC",
        "Data_Coleta": "2025-06-01 01:47:03"
    },
    {
        "ID_Produto": "879423",
        "Categoria_Scraping": "frutas-e-vegetais",
        "Nome": "Salada Aromática Embalada",
        "Marca": "Nossa Fruta e Legumes",
        "Preco": 1.79,
        "Unidade_Info": "0.1 Kg | 17,9 €/Kg",
        "Categorias_GTM": "Frutas e Vegetais, Vegetais, Categoria Referência SFCC",
        "Data_Coleta": "2025-06-01 01:47:03"
    },
    {
        "ID_Produto": "920749",
        "Categoria_Scraping": "frutas-e-vegetais",
        "Nome": "Salada Familiar Embalada",
        "Marca": "Nossa Fruta e Legumes",
        "Preco": 2.59,
        "Unidade_Info": "0.3 Kg | 8,63 €/Kg",
        "Categorias_GTM": "Frutas e Vegetais, Vegetais, Categoria Referência SFCC",
        "Data_Coleta": "2025-06-01 01:47:10"
    },
    {
        "ID_Produto": "845734",
        "Categoria_Scraping": "frutas-e-vegetais",
        "Nome": "Salteado Tradicional Embalado",
        "Marca": "Nossa Fruta e Legumes",
        "Preco": 1.48,
        "Unidade_Info": "0.4 Kg | 3,7 €/Kg",
        "Categorias_GTM": "Categoria Referência SFCC, Frutas e Vegetais, Vegetais",
        "Data_Coleta": "2025-06-01 01:47:10"
    },
    {
        "ID_Produto": "853382",
        "Categoria_Scraping": "frutas-e-vegetais",
        "Nome": "Spaghetti de Curgete",
        "Marca": "Nossa Fruta e Legumes",
        "Preco": 1.99,
        "Unidade_Info": "0.3 Kg | 6,63 €/Kg",
        "Categorias_GTM": "Frutas e Vegetais, Vegetais, Categoria Referência SFCC",
        "Data_Coleta": "2025-06-01 01:47:10"
    },
    {
        "ID_Produto": "915735",
        "Categoria_Scraping": "frutas-e-vegetais",
        "Nome": "Tomate Rama Biológico",
        "Marca": "Nossa Fruta e Legumes",
        "Preco": 2.29,
        "Unidade_Info": "0.5 Kg | 4,58 €/Kg",
        "Categorias_GTM": "Frutas e Vegetais, Vegetais, Categoria Referência SFCC",
        "Data_Coleta": "2025-06-01 01:47:10"
    },
    {
        "ID_Produto": "985592",
        "Categoria_Scraping": "frutas-e-vegetais",
        "Nome": "Alface Mini Romana Biológica",
        "Marca": "Nossa Fruta e Legumes",
        "Preco": 2.49,
        "Unidade_Info": "0.2 Kg | 12,45 €/Kg",
        "Categorias_GTM": "Frutas e Vegetais, Vegetais, Categoria Referência SFCC",
        "Data_Coleta": "2025-06-01 01:47:10"
    },
    {
        "ID_Produto": "838307",
        "Categoria_Scraping": "frutas-e-vegetais",
        "Nome": "Banana Biológica Embalada",
        "Marca": "Nossa Fruta e Legumes",
        "Preco": 1.69,
        "Unidade_Info": "1 Kg",
        "Categorias_GTM": "Frutas, Frutas e Vegetais, Categoria Referência SFCC",
        "Data_Coleta": "2025-06-01 01:47:10"
    },
    {
        "ID_Produto": "915648",
        "Categoria_Scraping": "frutas-e-vegetais",
        "Nome": "Brócolos Biológicos Embalados",
        "Marca": "Nossa Fruta e Legumes",
        "Preco": 2.99,
        "Unidade_Info": "0.5 Kg | 5,98 €/Kg",
        "Categorias_GTM": "Frutas e Vegetais, Vegetais, Categoria Referência SFCC",
        "Data_Coleta": "2025-06-01 01:47:10"
    },
    {
        "ID_Produto": "958574",
        "Categoria_Scraping": "frutas-e-vegetais",
        "Nome": "Coco Pedaços Embalado",
        "Marca": "Nossa Fruta e Legumes",
        "Preco": 0.99,
        "Unidade_Info": "0.056 Kg | 17,68 €/Kg",
        "Categorias_GTM": "Categoria Referência SFCC, Frutas, Frutas e Vegetais",
        "Data_Coleta": "2025-06-01 01:47:10"
    },
    {
        "ID_Produto": "882933",
        "Categoria_Scraping": "frutas-e-vegetais",
        "Nome": "Cogumelo Pleurotus",
        "Marca": "Nossa Fruta e Legumes",
        "Preco": 1.89,
        "Unidade_Info": "0.2 Kg | 9,45 €/Kg",
        "Categorias_GTM": "Frutas e Vegetais, Vegetais, Categoria Referência SFCC",
        "Data_Coleta": "2025-06-01 01:47:10"
    },
    {
        "ID_Produto": "915655",
        "Categoria_Scraping": "frutas-e-vegetais",
        "Nome": "Couve Coração Biológica Embalada",
        "Marca": "Nossa Fruta e Legumes",
        "Preco": 2.29,
        "Unidade_Info": "0.5 Kg | 4,58 €/Kg",
        "Categorias_GTM": "Frutas e Vegetais, Vegetais, Categoria Referência SFCC",
        "Data_Coleta": "2025-06-01 01:47:10"
    },
    {
        "ID_Produto": "985338",
        "Categoria_Scraping": "frutas-e-vegetais",
        "Nome": "Kiwi Gold Embalado",
        "Marca": "Nossa Fruta e Legumes",
        "Preco": 2.69,
        "Unidade_Info": "0.4 Kg | 6,73 €/Kg",
        "Categorias_GTM": "Frutas, Frutas e Vegetais, Categoria Referência SFCC, Poupe Este Fim De Semana, Poupe Esta Semana",
        "Data_Coleta": "2025-06-01 01:47:10"
    },
    {
        "ID_Produto": "858777",
        "Categoria_Scraping": "frutas-e-vegetais",
        "Nome": "Agrião",
        "Marca": "Nossa Fruta e Legumes",
        "Preco": 1.89,
        "Unidade_Info": "0.125 Kg | 15,12 €/Kg",
        "Categorias_GTM": "Frutas e Vegetais, Vegetais, Categoria Referência SFCC",
        "Data_Coleta": "2025-06-01 01:47:10"
    },
    {
        "ID_Produto": "320044",
        "Categoria_Scraping": "frutas-e-vegetais",
        "Nome": "Alecrim",
        "Marca": "Nossa Fruta e Legumes",
        "Preco": 1.69,
        "Unidade_Info": "0.02 Kg | 84,5 €/Kg",
        "Categorias_GTM": "Frutas e Vegetais, Vegetais, Categoria Referência SFCC",
        "Data_Coleta": "2025-06-01 01:47:16"
    },
    {
        "ID_Produto": "731803",
        "Categoria_Scraping": "frutas-e-vegetais",
        "Nome": "Alecrim Seco",
        "Marca": "Nossa Fruta e Legumes",
        "Preco": 1.49,
        "Unidade_Info": "0.04 Kg | 37,25 €/Kg",
        "Categorias_GTM": "Ervas Aromáticas Frescas, Frutas e Vegetais",
        "Data_Coleta": "2025-06-01 01:47:16"
    },
    {
        "ID_Produto": "959651",
        "Categoria_Scraping": "frutas-e-vegetais",
        "Nome": "Batata Princesa Amandine Embalada",
        "Marca": "Nossa Fruta e Legumes",
        "Preco": 1.69,
        "Unidade_Info": "0.5 Kg | 3,38 €/Kg",
        "Categorias_GTM": "Frutas e Vegetais, Vegetais, Categoria Referência SFCC",
        "Data_Coleta": "2025-06-01 01:47:16"
    },
    {
        "ID_Produto": "729855",
        "Categoria_Scraping": "frutas-e-vegetais",
        "Nome": "Cebola Nova",
        "Marca": "Nossa Fruta e Legumes",
        "Preco": 1.69,
        "Unidade_Info": "0.25 Kg",
        "Categorias_GTM": "Categoria Referência SFCC, Frutas e Vegetais, Vegetais",
        "Data_Coleta": "2025-06-01 01:47:16"
    },
    {
        "ID_Produto": "958804",
        "Categoria_Scraping": "frutas-e-vegetais",
        "Nome": "Coco Cortado",
        "Marca": "Nossa Fruta e Legumes",
        "Preco": 1.19,
        "Unidade_Info": "0.1 Kg | 11,9 €/Kg",
        "Categorias_GTM": "Frutas e Vegetais, Frutas, Categoria Referência SFCC",
        "Data_Coleta": "2025-06-01 01:47:16"
    },
    {
        "ID_Produto": "912156",
        "Categoria_Scraping": "frutas-e-vegetais",
        "Nome": "Conjunto 2 Sacos Frutas e Legumes Reutilizável",
        "Marca": "Nossa Fruta e Legumes",
        "Preco": 0.49,
        "Unidade_Info": "N/A",
        "Categorias_GTM": "Categoria Referência SFCC, Frutas e Vegetais, Sacos de Compras",
        "Data_Coleta": "2025-06-01 01:47:16"
    },
    {
        "ID_Produto": "956778",
        "Categoria_Scraping": "frutas-e-vegetais",
        "Nome": "Curcuma Biológica",
        "Marca": "Nossa Fruta e Legumes",
        "Preco": 1.59,
        "Unidade_Info": "0.125 Un | 12,72 €/Un",
        "Categorias_GTM": "Frutas, Categoria Referência SFCC, Frutas e Vegetais",
        "Data_Coleta": "2025-06-01 01:47:16"
    },
    {
        "ID_Produto": "915737",
        "Categoria_Scraping": "frutas-e-vegetais",
        "Nome": "Curgete Biológica",
        "Marca": "Nossa Fruta e Legumes",
        "Preco": 2.49,
        "Unidade_Info": "0.5 Kg | 4,98 €/Kg",
        "Categorias_GTM": "Frutas e Vegetais, Vegetais, Categoria Referência SFCC",
        "Data_Coleta": "2025-06-01 01:47:16"
    },
    {
        "ID_Produto": "917529",
        "Categoria_Scraping": "frutas-e-vegetais",
        "Nome": "Erva de Provence",
        "Marca": "Nossa Fruta e Legumes",
        "Preco": 1.49,
        "Unidade_Info": "0.04 Kg | 37,25 €/Kg",
        "Categorias_GTM": "Ervas Aromáticas Frescas, Frutas e Vegetais",
        "Data_Coleta": "2025-06-01 01:47:16"
    },
    {
        "ID_Produto": "732536",
        "Categoria_Scraping": "frutas-e-vegetais",
        "Nome": "Erva Doce",
        "Marca": "Nossa Fruta e Legumes",
        "Preco": 1.79,
        "Unidade_Info": "0.075 Kg | 23,87 €/Kg",
        "Categorias_GTM": "Ervas Aromáticas Frescas, Frutas e Vegetais",
        "Data_Coleta": "2025-06-01 01:47:16"
    },
    {
        "ID_Produto": "917530",
        "Categoria_Scraping": "frutas-e-vegetais",
        "Nome": "Louro Seco",
        "Marca": "Nossa Fruta e Legumes",
        "Preco": 1.49,
        "Unidade_Info": "0.025 Kg | 59,6 €/Kg",
        "Categorias_GTM": "Ervas Aromáticas Frescas, Frutas e Vegetais",
        "Data_Coleta": "2025-06-01 01:47:16"
    },
    {
        "ID_Produto": "731806",
        "Categoria_Scraping": "frutas-e-vegetais",
        "Nome": "Manjericão",
        "Marca": "Nossa Fruta e Legumes",
        "Preco": 1.49,
        "Unidade_Info": "0.04 Kg | 37,25 €/Kg",
        "Categorias_GTM": "Ervas Aromáticas Frescas, Frutas e Vegetais",
        "Data_Coleta": "2025-06-01 01:47:16"
    },
    {
        "ID_Produto": "256446",
        "Categoria_Scraping": "frutas-e-vegetais",
        "Nome": "Melancia aos Cubos",
        "Marca": "Nossa Fruta e Legumes",
        "Preco": 4.99,
        "Unidade_Info": "1 Kg",
        "Categorias_GTM": "Frutas e Vegetais, Frutas, Categoria Referência SFCC",
        "Data_Coleta": "2025-06-01 01:47:23"
    },
    {
        "ID_Produto": "256447",
        "Categoria_Scraping": "frutas-e-vegetais",
        "Nome": "Melão Verde aos Cubos",
        "Marca": "Nossa Fruta e Legumes",
        "Preco": 8.79,
        "Unidade_Info": "1 Kg",
        "Categorias_GTM": "Frutas, Frutas e Vegetais, Categoria Referência SFCC",
        "Data_Coleta": "2025-06-01 01:47:23"
    },
    {
        "ID_Produto": "919539",
        "Categoria_Scraping": "frutas-e-vegetais",
        "Nome": "Mix Cogumelos Exóticos",
        "Marca": "Nossa Fruta e Legumes",
        "Preco": 2.99,
        "Unidade_Info": "0.2 Kg | 14,95 €/Kg",
        "Categorias_GTM": "Frutas e Vegetais, Vegetais, Categoria Referência SFCC",
        "Data_Coleta": "2025-06-01 01:47:23"
    },
    {
        "ID_Produto": "777395",
        "Categoria_Scraping": "frutas-e-vegetais",
        "Nome": "Mix Fruta Cortada",
        "Marca": "Nossa Fruta e Legumes",
        "Preco": 7.99,
        "Unidade_Info": "1 Kg",
        "Categorias_GTM": "Frutas, Frutas e Vegetais, Categoria Referência SFCC",
        "Data_Coleta": "2025-06-01 01:47:23"
    },
    {
        "ID_Produto": "846201",
        "Categoria_Scraping": "frutas-e-vegetais",
        "Nome": "Mix Fruta Cortada",
        "Marca": "Nossa Fruta e Legumes",
        "Preco": 5.99,
        "Unidade_Info": "1 Kg",
        "Categorias_GTM": "Categoria Referência SFCC, Frutas, Frutas e Vegetais",
        "Data_Coleta": "2025-06-01 01:47:23"
    },
    {
        "ID_Produto": "669865",
        "Categoria_Scraping": "frutas-e-vegetais",
        "Nome": "Mix Fruta em Copo",
        "Marca": "Nossa Fruta e Legumes",
        "Preco": 8.99,
        "Unidade_Info": "1 Kg",
        "Categorias_GTM": "Frutas, Categoria Referência SFCC, Frutas e Vegetais",
        "Data_Coleta": "2025-06-01 01:47:23"
    },
    {
        "ID_Produto": "726782",
        "Categoria_Scraping": "frutas-e-vegetais",
        "Nome": "Morango Embalado",
        "Marca": "Nossa Fruta e Legumes",
        "Preco": 1.99,
        "Unidade_Info": "0.4 Kg | 4,97 €/Kg",
        "Categorias_GTM": "Categoria Referência SFCC, Frutas, Frutas e Vegetais, Poupe Este Fim De Semana, Poupe Esta Semana",
        "Data_Coleta": "2025-06-01 01:47:23"
    },
    {
        "ID_Produto": "256459",
        "Categoria_Scraping": "frutas-e-vegetais",
        "Nome": "Morangos Cortados",
        "Marca": "Nossa Fruta e Legumes",
        "Preco": 9.99,
        "Unidade_Info": "1 Kg",
        "Categorias_GTM": "Frutas, Frutas e Vegetais, Categoria Referência SFCC",
        "Data_Coleta": "2025-06-01 01:47:23"
    },
    {
        "ID_Produto": "917531",
        "Categoria_Scraping": "frutas-e-vegetais",
        "Nome": "Oregãos Secos",
        "Marca": "Nossa Fruta e Legumes",
        "Preco": 1.49,
        "Unidade_Info": "0.03 Kg | 49,67 €/Kg",
        "Categorias_GTM": "Ervas Aromáticas Frescas, Frutas e Vegetais",
        "Data_Coleta": "2025-06-01 01:47:23"
    },
    {
        "ID_Produto": "720673",
        "Categoria_Scraping": "frutas-e-vegetais",
        "Nome": "Pimento Verde Assado Embalado",
        "Marca": "Nossa Fruta e Legumes",
        "Preco": 2.99,
        "Unidade_Info": "0.5 Kg | 5,98 €/Kg",
        "Categorias_GTM": "Categoria Referência SFCC, Frutas e Vegetais, Vegetais",
        "Data_Coleta": "2025-06-01 01:47:23"
    },
    {
        "ID_Produto": "720674",
        "Categoria_Scraping": "frutas-e-vegetais",
        "Nome": "Pimento Vermelho Asssado Embalado",
        "Marca": "Nossa Fruta e Legumes",
        "Preco": 2.99,
        "Unidade_Info": "0.36 Kg | 8,31 €/Kg",
        "Categorias_GTM": "Frutas e Vegetais, Vegetais, Categoria Referência SFCC",
        "Data_Coleta": "2025-06-01 01:47:23"
    },
    {
        "ID_Produto": "975807",
        "Categoria_Scraping": "frutas-e-vegetais",
        "Nome": "Salada Camponesa Embalada",
        "Marca": "Nossa Fruta e Legumes",
        "Preco": 1.79,
        "Unidade_Info": "0.2 Kg | 8,95 €/Kg",
        "Categorias_GTM": "Frutas e Vegetais, Vegetais, Categoria Referência SFCC",
        "Data_Coleta": "2025-06-01 01:47:23"
    },
    {
        "ID_Produto": "975806",
        "Categoria_Scraping": "frutas-e-vegetais",
        "Nome": "Salada da Casa Embalada",
        "Marca": "Nossa Fruta e Legumes",
        "Preco": 2.69,
        "Unidade_Info": "0.3 Kg | 8,97 €/Kg",
        "Categorias_GTM": "Frutas e Vegetais, Vegetais, Categoria Referência SFCC",
        "Data_Coleta": "2025-06-01 01:47:30"
    },
    {
        "ID_Produto": "932902",
        "Categoria_Scraping": "frutas-e-vegetais",
        "Nome": "Salada Familiar Embalada",
        "Marca": "Nossa Fruta e Legumes",
        "Preco": 2.69,
        "Unidade_Info": "0.3 Kg | 8,97 €/Kg",
        "Categorias_GTM": "Frutas e Vegetais, Vegetais, Categoria Referência SFCC",
        "Data_Coleta": "2025-06-01 01:47:30"
    },
    {
        "ID_Produto": "964951",
        "Categoria_Scraping": "frutas-e-vegetais",
        "Nome": "Salada Moment Oliva",
        "Marca": "Nossa Fruta e Legumes",
        "Preco": 1.09,
        "Unidade_Info": "0.075 Kg | 14,53 €/Kg",
        "Categorias_GTM": "Frutas e Vegetais, Vegetais, Categoria Referência SFCC",
        "Data_Coleta": "2025-06-01 01:47:30"
    },
    {
        "ID_Produto": "804534",
        "Categoria_Scraping": "frutas-e-vegetais",
        "Nome": "Sumo de Laranja Natural",
        "Marca": "Nossa Padaria",
        "Preco": 3.69,
        "Unidade_Info": "N/A",
        "Categorias_GTM": "Ervas Aromáticas Frescas, Frutas e Vegetais",
        "Data_Coleta": "2025-06-01 01:47:30"
    },
    {
        "ID_Produto": "977165",
        "Categoria_Scraping": "frutas-e-vegetais",
        "Nome": "Tomate Mini Alongado Azura",
        "Marca": "Nossa Fruta e Legumes",
        "Preco": 1.19,
        "Unidade_Info": "0.25 Kg | 4,76 €/Kg",
        "Categorias_GTM": "Frutas e Vegetais, Vegetais, Categoria Referência SFCC",
        "Data_Coleta": "2025-06-01 01:47:30"
    },
    {
        "ID_Produto": "320045",
        "Categoria_Scraping": "frutas-e-vegetais",
        "Nome": "Tomilho",
        "Marca": "Nossa Fruta e Legumes",
        "Preco": 1.69,
        "Unidade_Info": "0.02 Kg | 84,5 €/Kg",
        "Categorias_GTM": "Frutas e Vegetais, Vegetais, Categoria Referência SFCC",
        "Data_Coleta": "2025-06-01 01:47:30"
    },
    {
        "ID_Produto": "319766",
        "Categoria_Scraping": "padaria",
        "Nome": "Pão da Avó Grande",
        "Marca": "Nossa Padaria",
        "Preco": 2.69,
        "Unidade_Info": "0.5 Kg",
        "Categorias_GTM": "Padaria Fresca, Padaria e Pastelaria, Categoria Referência SFCC",
        "Data_Coleta": "2025-06-01 01:48:12"
    },
    {
        "ID_Produto": "257522",
        "Categoria_Scraping": "padaria",
        "Nome": "Pão da Avó Pequeno",
        "Marca": "Nossa Padaria",
        "Preco": 2.69,
        "Unidade_Info": "0.1 Kg",
        "Categorias_GTM": "Padaria Fresca, Padaria e Pastelaria, Categoria Referência SFCC",
        "Data_Coleta": "2025-06-01 01:48:12"
    },
    {
        "ID_Produto": "697080",
        "Categoria_Scraping": "padaria",
        "Nome": "Carcaça da Aldeia",
        "Marca": "Nossa Padaria",
        "Preco": 0.2,
        "Unidade_Info": "0.07 Kg | 2,86 €/Kg",
        "Categorias_GTM": "Padaria Fresca, Padaria e Pastelaria, Categoria Referência SFCC",
        "Data_Coleta": "2025-06-01 01:48:12"
    },
    {
        "ID_Produto": "319749",
        "Categoria_Scraping": "padaria",
        "Nome": "Pão Brasileiro",
        "Marca": "Nossa Padaria",
        "Preco": 0.19,
        "Unidade_Info": "0.1 Kg | 1,9 €/Kg",
        "Categorias_GTM": "Padaria Fresca, Padaria e Pastelaria, Categoria Referência SFCC, Poupe Este Fim De Semana, Poupe Esta Semana",
        "Data_Coleta": "2025-06-01 01:48:12"
    },
    {
        "ID_Produto": "319522",
        "Categoria_Scraping": "padaria",
        "Nome": "Pão Carcaça Bijou",
        "Marca": "Nossa Padaria",
        "Preco": 0.11,
        "Unidade_Info": "0.05 Kg | 2,44 €/Kg",
        "Categorias_GTM": "Padaria Fresca, Padaria e Pastelaria, Categoria Referência SFCC",
        "Data_Coleta": "2025-06-01 01:48:12"
    },
    {
        "ID_Produto": "752242",
        "Categoria_Scraping": "padaria",
        "Nome": "Pão de Mistura Trigo e Centeio",
        "Marca": "Nossa Padaria",
        "Preco": 1.19,
        "Unidade_Info": "0.5 Kg | 2,38 €/Kg",
        "Categorias_GTM": "Categoria Referência SFCC, Padaria Fresca, Padaria e Pastelaria",
        "Data_Coleta": "2025-06-01 01:48:12"
    },
    {
        "ID_Produto": "461832",
        "Categoria_Scraping": "padaria",
        "Nome": "Pão de Trigo",
        "Marca": "Nossa Padaria",
        "Preco": 1.79,
        "Unidade_Info": "0.45 Kg | 3,98 €/Kg",
        "Categorias_GTM": "Categoria Referência SFCC, Padaria e Pastelaria, Padaria Fresca",
        "Data_Coleta": "2025-06-01 01:48:12"
    },
    {
        "ID_Produto": "512015",
        "Categoria_Scraping": "padaria",
        "Nome": "Pão de Forma Brioche",
        "Marca": "Nossa Padaria",
        "Preco": 2.49,
        "Unidade_Info": "0.5 Kg | 4,98 €/Kg",
        "Categorias_GTM": "Categoria Referência SFCC, Poupe Esta Semana, Promoções, Padaria e Pastelaria, Pastelaria",
        "Data_Coleta": "2025-06-01 01:48:12"
    },
    {
        "ID_Produto": "499052",
        "Categoria_Scraping": "padaria",
        "Nome": "Pão de Centeio",
        "Marca": "Nossa Padaria",
        "Preco": 1.59,
        "Unidade_Info": "0.45 Kg | 3,53 €/Kg",
        "Categorias_GTM": "Pão Embalado, Categoria Referência SFCC, Padaria e Pastelaria, Poupe Este Fim De Semana, Poupe Esta Semana",
        "Data_Coleta": "2025-06-01 01:48:12"
    },
    {
        "ID_Produto": "254253",
        "Categoria_Scraping": "padaria",
        "Nome": "Pão de Rio Maior",
        "Marca": "Nossa Padaria",
        "Preco": 0.99,
        "Unidade_Info": "0.45 Kg | 2,2 €/Kg",
        "Categorias_GTM": "Pão Embalado, Padaria e Pastelaria, Categoria Referência SFCC, Poupe Este Fim De Semana, Poupe Esta Semana",
        "Data_Coleta": "2025-06-01 01:48:12"
    },
    {
        "ID_Produto": "813486",
        "Categoria_Scraping": "padaria",
        "Nome": "Pão Rústico",
        "Marca": "Bimbo",
        "Preco": 2.79,
        "Unidade_Info": "0.4 Kg | 6,98 €/Kg",
        "Categorias_GTM": "Padaria e Pastelaria, Pão Embalado, Categoria Referência SFCC",
        "Data_Coleta": "2025-06-01 01:48:12"
    },
    {
        "ID_Produto": "975734",
        "Categoria_Scraping": "padaria",
        "Nome": "Areias de Manteiga",
        "Marca": "Nossa Padaria",
        "Preco": 1.99,
        "Unidade_Info": "0.3 Kg | 6,63 €/Kg",
        "Categorias_GTM": "Padaria e Pastelaria, Pastelaria, Categoria Referência SFCC",
        "Data_Coleta": "2025-06-01 01:48:12"
    },
    {
        "ID_Produto": "694536",
        "Categoria_Scraping": "padaria",
        "Nome": "Baguete Francesa",
        "Marca": "Nossa Padaria",
        "Preco": 0.46,
        "Unidade_Info": "0.2 Kg | 2,3 €/Kg",
        "Categorias_GTM": "Padaria Fresca, Padaria e Pastelaria, Categoria Referência SFCC",
        "Data_Coleta": "2025-06-01 01:48:26"
    },
    {
        "ID_Produto": "505500",
        "Categoria_Scraping": "padaria",
        "Nome": "Bolos Extra Fofos",
        "Marca": "Nossa Padaria",
        "Preco": 1.19,
        "Unidade_Info": "0.3 Kg | 3,97 €/Kg",
        "Categorias_GTM": "Categoria Referência SFCC, Padaria e Pastelaria, Pastelaria",
        "Data_Coleta": "2025-06-01 01:48:26"
    },
    {
        "ID_Produto": "954733",
        "Categoria_Scraping": "padaria",
        "Nome": "Delícias de Canela",
        "Marca": "Nossa Padaria",
        "Preco": 2.99,
        "Unidade_Info": "0.75 Kg | 3,99 €/Kg",
        "Categorias_GTM": "Padaria e Pastelaria, Pastelaria, Categoria Referência SFCC, Poupe Este Fim De Semana, Poupe Esta Semana",
        "Data_Coleta": "2025-06-01 01:48:26"
    },
    {
        "ID_Produto": "914815",
        "Categoria_Scraping": "padaria",
        "Nome": "Lagartos",
        "Marca": "Nossa Padaria",
        "Preco": 2.49,
        "Unidade_Info": "0.75 Kg | 3,32 €/Kg",
        "Categorias_GTM": "Padaria e Pastelaria, Pastelaria, Categoria Referência SFCC",
        "Data_Coleta": "2025-06-01 01:48:26"
    },
    {
        "ID_Produto": "954735",
        "Categoria_Scraping": "padaria",
        "Nome": "Línguas de Veado",
        "Marca": "Nossa Padaria",
        "Preco": 4.69,
        "Unidade_Info": "0.6 Kg | 7,82 €/Kg",
        "Categorias_GTM": "Padaria e Pastelaria, Pastelaria, Categoria Referência SFCC",
        "Data_Coleta": "2025-06-01 01:48:26"
    },
    {
        "ID_Produto": "771700",
        "Categoria_Scraping": "padaria",
        "Nome": "Pão Centeio e Alfarroba",
        "Marca": "Nossa Padaria",
        "Preco": 0.3,
        "Unidade_Info": "0.06 Kg | 5 €/Kg",
        "Categorias_GTM": "Padaria Fresca, Padaria e Pastelaria, Categoria Referência SFCC",
        "Data_Coleta": "2025-06-01 01:48:26"
    },
    {
        "ID_Produto": "695116",
        "Categoria_Scraping": "padaria",
        "Nome": "Pão com Chouriço Porco Preto",
        "Marca": "Nossa Padaria",
        "Preco": 0.99,
        "Unidade_Info": "0.12 Kg | 8,25 €/Kg",
        "Categorias_GTM": "Padaria Fresca, Padaria e Pastelaria, Categoria Referência SFCC",
        "Data_Coleta": "2025-06-01 01:48:26"
    },
    {
        "ID_Produto": "742439",
        "Categoria_Scraping": "padaria",
        "Nome": "Pão de Aveia",
        "Marca": "Nossa Padaria",
        "Preco": 1.49,
        "Unidade_Info": "0.35 Kg | 4,26 €/Kg",
        "Categorias_GTM": "Pão Embalado, Categoria Referência SFCC, Padaria e Pastelaria, Poupe Esta Semana, Promoções",
        "Data_Coleta": "2025-06-01 01:48:26"
    },
    {
        "ID_Produto": "751565",
        "Categoria_Scraping": "padaria",
        "Nome": "Pão de Forma",
        "Marca": "Nossa Padaria",
        "Preco": 2.99,
        "Unidade_Info": "0.36 Kg | 8,31 €/Kg",
        "Categorias_GTM": "Pão Embalado, Categoria Referência SFCC, Padaria e Pastelaria",
        "Data_Coleta": "2025-06-01 01:48:26"
    },
    {
        "ID_Produto": "845963",
        "Categoria_Scraping": "padaria",
        "Nome": "Pão de Forma",
        "Marca": "Go Active",
        "Preco": 2.69,
        "Unidade_Info": "0.36 Kg | 7,47 €/Kg",
        "Categorias_GTM": "Categoria Referência SFCC, Padaria e Pastelaria, Pão Embalado, Poupe Este Fim De Semana, Poupe Esta Semana",
        "Data_Coleta": "2025-06-01 01:48:26"
    },
    {
        "ID_Produto": "949046",
        "Categoria_Scraping": "padaria",
        "Nome": "Pão de Forma Escuro de Rio Maior",
        "Marca": "Nossa Padaria",
        "Preco": 1.79,
        "Unidade_Info": "0.5 Kg | 3,58 €/Kg",
        "Categorias_GTM": "Categoria Referência SFCC, Padaria Fresca, Padaria e Pastelaria",
        "Data_Coleta": "2025-06-01 01:48:26"
    },
    {
        "ID_Produto": "949045",
        "Categoria_Scraping": "padaria",
        "Nome": "Pão de Forma Multicereais com Sementes de Girassol",
        "Marca": "Nossa Padaria",
        "Preco": 1.99,
        "Unidade_Info": "0.5 Kg | 3,98 €/Kg",
        "Categorias_GTM": "Padaria Fresca, Padaria e Pastelaria, Categoria Referência SFCC",
        "Data_Coleta": "2025-06-01 01:48:26"
    },
    {
        "ID_Produto": "660906",
        "Categoria_Scraping": "padaria",
        "Nome": "Pão de Ló em Forma de Barro",
        "Marca": "Alvorada",
        "Preco": 5.19,
        "Unidade_Info": "0.6 Kg | 8,65 €/Kg",
        "Categorias_GTM": "Categoria Referência SFCC, Padaria e Pastelaria, Pastelaria",
        "Data_Coleta": "2025-06-01 01:48:31"
    },
    {
        "ID_Produto": "254323",
        "Categoria_Scraping": "padaria",
        "Nome": "Pão de Mistura Trigo e Centeio",
        "Marca": "Nossa Padaria",
        "Preco": 0.2,
        "Unidade_Info": "0.1 Kg | 2 €/Kg",
        "Categorias_GTM": "Padaria Fresca, Padaria e Pastelaria, Categoria Referência SFCC",
        "Data_Coleta": "2025-06-01 01:48:31"
    },
    {
        "ID_Produto": "256978",
        "Categoria_Scraping": "padaria",
        "Nome": "Pão de Queijo",
        "Marca": "Nossa Padaria",
        "Preco": 0.23,
        "Unidade_Info": "0.02 Kg | 11,5 €/Kg",
        "Categorias_GTM": "Padaria Fresca, Padaria e Pastelaria, Categoria Referência SFCC",
        "Data_Coleta": "2025-06-01 01:48:31"
    },
    {
        "ID_Produto": "752561",
        "Categoria_Scraping": "padaria",
        "Nome": "Pão Mediterrânico",
        "Marca": "Nossa Padaria",
        "Preco": 1.99,
        "Unidade_Info": "0.35 Kg | 5,69 €/Kg",
        "Categorias_GTM": "Pão Embalado, Categoria Referência SFCC, Padaria e Pastelaria",
        "Data_Coleta": "2025-06-01 01:48:31"
    },
    {
        "ID_Produto": "949042",
        "Categoria_Scraping": "padaria",
        "Nome": "Pão Nozes e Passas",
        "Marca": "Nossa Padaria",
        "Preco": 2.09,
        "Unidade_Info": "0.35 Kg | 5,97 €/Kg",
        "Categorias_GTM": "Categoria Referência SFCC, Padaria Fresca, Padaria e Pastelaria",
        "Data_Coleta": "2025-06-01 01:48:31"
    },
    {
        "ID_Produto": "751212",
        "Categoria_Scraping": "padaria",
        "Nome": "Pão Saloio",
        "Marca": "Nossa Padaria",
        "Preco": 1.29,
        "Unidade_Info": "0.5 Kg | 2,58 €/Kg",
        "Categorias_GTM": "Categoria Referência SFCC, Padaria Fresca, Padaria e Pastelaria",
        "Data_Coleta": "2025-06-01 01:48:31"
    },
    {
        "ID_Produto": "767358",
        "Categoria_Scraping": "padaria",
        "Nome": "Pão Seco",
        "Marca": "Nossa Padaria",
        "Preco": 0.15,
        "Unidade_Info": "0.06 Kg | 2,5 €/Kg",
        "Categorias_GTM": "Padaria Fresca, Padaria e Pastelaria, Categoria Referência SFCC",
        "Data_Coleta": "2025-06-01 01:48:31"
    },
    {
        "ID_Produto": "972495",
        "Categoria_Scraping": "padaria",
        "Nome": "Raivas",
        "Marca": "Nossa Padaria",
        "Preco": 2.49,
        "Unidade_Info": "0.2 Kg | 12,45 €/Kg",
        "Categorias_GTM": "Padaria e Pastelaria, Pastelaria, Categoria Referência SFCC",
        "Data_Coleta": "2025-06-01 01:48:31"
    },
    {
        "ID_Produto": "41145",
        "Categoria_Scraping": "padaria",
        "Nome": "Salame de Chocolate",
        "Marca": "Nossa Padaria",
        "Preco": 2.49,
        "Unidade_Info": "0.45 Kg | 5,53 €/Kg",
        "Categorias_GTM": "Padaria e Pastelaria, Pastelaria, Categoria Referência SFCC",
        "Data_Coleta": "2025-06-01 01:48:31"
    },
    {
        "ID_Produto": "802034",
        "Categoria_Scraping": "padaria",
        "Nome": "Bolinhos de Amendoim",
        "Marca": "Nossa Padaria",
        "Preco": 2.49,
        "Unidade_Info": "0.2 Kg | 12,45 €/Kg",
        "Categorias_GTM": "Padaria e Pastelaria, Pastelaria, Categoria Referência SFCC",
        "Data_Coleta": "2025-06-01 01:48:31"
    },
    {
        "ID_Produto": "820295",
        "Categoria_Scraping": "padaria",
        "Nome": "Bolo de Ananás e Coco",
        "Marca": "Nossa Padaria",
        "Preco": 3.79,
        "Unidade_Info": "0.5 Kg | 7,58 €/Kg",
        "Categorias_GTM": "Padaria e Pastelaria, Pastelaria, Categoria Referência SFCC, Poupe Este Fim De Semana, Poupe Esta Semana",
        "Data_Coleta": "2025-06-01 01:48:31"
    },
    {
        "ID_Produto": "858403",
        "Categoria_Scraping": "padaria",
        "Nome": "Bolo de Cenoura com Cobertura de Chocolate",
        "Marca": "Nossa Padaria",
        "Preco": 3.79,
        "Unidade_Info": "0.5 Kg | 7,58 €/Kg",
        "Categorias_GTM": "Padaria e Pastelaria, Pastelaria, Categoria Referência SFCC, Poupe Este Fim De Semana, Poupe Esta Semana",
        "Data_Coleta": "2025-06-01 01:48:31"
    },
    {
        "ID_Produto": "697103",
        "Categoria_Scraping": "padaria",
        "Nome": "Bolo de Chocolate",
        "Marca": "Nossa Padaria",
        "Preco": 4.99,
        "Unidade_Info": "0.7 Kg | 7,13 €/Kg",
        "Categorias_GTM": "Categoria Referência SFCC, Padaria e Pastelaria, Pastelaria",
        "Data_Coleta": "2025-06-01 01:48:37"
    },
    {
        "ID_Produto": "697108",
        "Categoria_Scraping": "padaria",
        "Nome": "Bolo de Chocolate",
        "Marca": "Nossa Padaria",
        "Preco": 3.79,
        "Unidade_Info": "0.5 Kg | 7,58 €/Kg",
        "Categorias_GTM": "Categoria Referência SFCC, Padaria e Pastelaria, Pastelaria, Poupe Esta Semana, Promoções",
        "Data_Coleta": "2025-06-01 01:48:37"
    },
    {
        "ID_Produto": "698047",
        "Categoria_Scraping": "padaria",
        "Nome": "Bolo de Iogurte",
        "Marca": "Nossa Padaria",
        "Preco": 3.79,
        "Unidade_Info": "0.5 Kg | 7,58 €/Kg",
        "Categorias_GTM": "Padaria e Pastelaria, Pastelaria, Categoria Referência SFCC, Poupe Esta Semana, Promoções",
        "Data_Coleta": "2025-06-01 01:48:37"
    },
    {
        "ID_Produto": "697110",
        "Categoria_Scraping": "padaria",
        "Nome": "Bolo de Laranja",
        "Marca": "Nossa Padaria",
        "Preco": 3.79,
        "Unidade_Info": "0.5 Kg | 7,58 €/Kg",
        "Categorias_GTM": "Categoria Referência SFCC, Padaria e Pastelaria, Pastelaria, Poupe Este Fim De Semana, Poupe Esta Semana",
        "Data_Coleta": "2025-06-01 01:48:37"
    },
    {
        "ID_Produto": "862889",
        "Categoria_Scraping": "padaria",
        "Nome": "Bolo Inglês",
        "Marca": "Nossa Padaria",
        "Preco": 3.99,
        "Unidade_Info": "0.6 Kg | 6,65 €/Kg",
        "Categorias_GTM": "Padaria e Pastelaria, Pastelaria, Categoria Referência SFCC",
        "Data_Coleta": "2025-06-01 01:48:37"
    },
    {
        "ID_Produto": "697107",
        "Categoria_Scraping": "padaria",
        "Nome": "Bolo Mármore",
        "Marca": "Nossa Padaria",
        "Preco": 4.99,
        "Unidade_Info": "0.7 Kg | 7,13 €/Kg",
        "Categorias_GTM": "Categoria Referência SFCC, Padaria e Pastelaria, Pastelaria",
        "Data_Coleta": "2025-06-01 01:48:37"
    },
    {
        "ID_Produto": "767387",
        "Categoria_Scraping": "padaria",
        "Nome": "Broa de Milho",
        "Marca": "Nossa Padaria",
        "Preco": 1.98,
        "Unidade_Info": "0.5 Kg",
        "Categorias_GTM": "Padaria Fresca, Padaria e Pastelaria, Categoria Referência SFCC",
        "Data_Coleta": "2025-06-01 01:48:37"
    },
    {
        "ID_Produto": "319873",
        "Categoria_Scraping": "padaria",
        "Nome": "Cacete Galego",
        "Marca": "Nossa Padaria",
        "Preco": 0.59,
        "Unidade_Info": "0.25 Kg | 2,36 €/Kg",
        "Categorias_GTM": "Padaria Fresca, Padaria e Pastelaria, Categoria Referência SFCC",
        "Data_Coleta": "2025-06-01 01:48:37"
    },
    {
        "ID_Produto": "974131",
        "Categoria_Scraping": "padaria",
        "Nome": "Línguas de Gato",
        "Marca": "Nossa Padaria",
        "Preco": 1.29,
        "Unidade_Info": "0.32 Kg | 4,03 €/Kg",
        "Categorias_GTM": "Padaria e Pastelaria, Pastelaria, Categoria Referência SFCC",
        "Data_Coleta": "2025-06-01 01:48:37"
    },
    {
        "ID_Produto": "723886",
        "Categoria_Scraping": "padaria",
        "Nome": "Ovos Moles",
        "Marca": "Nossa Padaria",
        "Preco": 3.89,
        "Unidade_Info": "0.15 Kg | 25,93 €/Kg",
        "Categorias_GTM": "Padaria e Pastelaria, Pastelaria, Categoria Referência SFCC",
        "Data_Coleta": "2025-06-01 01:48:37"
    },
    {
        "ID_Produto": "319729",
        "Categoria_Scraping": "padaria",
        "Nome": "Pãezinhos Enfarinhados",
        "Marca": "Nossa Padaria",
        "Preco": 0.16,
        "Unidade_Info": "0.03 Kg | 5,33 €/Kg",
        "Categorias_GTM": "Padaria Fresca, Padaria e Pastelaria, Categoria Referência SFCC",
        "Data_Coleta": "2025-06-01 01:48:37"
    },
    {
        "ID_Produto": "753695",
        "Categoria_Scraping": "padaria",
        "Nome": "Pão 8 Cereais",
        "Marca": "Nossa Padaria",
        "Preco": 1.29,
        "Unidade_Info": "0.4 Kg | 3,23 €/Kg",
        "Categorias_GTM": "Categoria Referência SFCC, Padaria Fresca, Padaria e Pastelaria",
        "Data_Coleta": "2025-06-01 01:48:37"
    },
    {
        "ID_Produto": "749524",
        "Categoria_Scraping": "padaria",
        "Nome": "Pão 8 Cereais",
        "Marca": "Nossa Padaria",
        "Preco": 0.3,
        "Unidade_Info": "0.09 Kg | 3,33 €/Kg",
        "Categorias_GTM": "Padaria Fresca, Padaria e Pastelaria, Categoria Referência SFCC",
        "Data_Coleta": "2025-06-01 01:48:42"
    },
    {
        "ID_Produto": "812696",
        "Categoria_Scraping": "padaria",
        "Nome": "Pão com Chouriço e Queijo",
        "Marca": "Nossa Padaria",
        "Preco": 1.19,
        "Unidade_Info": "0.135 Kg | 8,81 €/Kg",
        "Categorias_GTM": "Padaria e Pastelaria, Padaria Fresca, Categoria Referência SFCC",
        "Data_Coleta": "2025-06-01 01:48:42"
    },
    {
        "ID_Produto": "696821",
        "Categoria_Scraping": "padaria",
        "Nome": "Pão de Forma 8 Cereais",
        "Marca": "Nossa Padaria",
        "Preco": 1.99,
        "Unidade_Info": "0.35 Kg | 5,69 €/Kg",
        "Categorias_GTM": "Padaria e Pastelaria, Pão Embalado, Categoria Referência SFCC",
        "Data_Coleta": "2025-06-01 01:48:42"
    },
    {
        "ID_Produto": "865234",
        "Categoria_Scraping": "padaria",
        "Nome": "Pão de Forma Integral Extra Suave",
        "Marca": "Nossa Padaria",
        "Preco": 2.49,
        "Unidade_Info": "0.55 Kg | 4,53 €/Kg",
        "Categorias_GTM": "Categoria Referência SFCC, Padaria e Pastelaria, Pão Embalado",
        "Data_Coleta": "2025-06-01 01:48:42"
    },
    {
        "ID_Produto": "876511",
        "Categoria_Scraping": "padaria",
        "Nome": "Pão de Ló Húmido",
        "Marca": "Nossa Padaria",
        "Preco": 5.99,
        "Unidade_Info": "0.5 Kg | 11,98 €/Kg",
        "Categorias_GTM": "Padaria e Pastelaria, Pastelaria, Categoria Referência SFCC",
        "Data_Coleta": "2025-06-01 01:48:42"
    },
    {
        "ID_Produto": "768862",
        "Categoria_Scraping": "padaria",
        "Nome": "Pão de Malte",
        "Marca": "Nossa Padaria",
        "Preco": 0.3,
        "Unidade_Info": "0.075 Kg | 4 €/Kg",
        "Categorias_GTM": "Padaria Fresca, Padaria e Pastelaria, Categoria Referência SFCC",
        "Data_Coleta": "2025-06-01 01:48:42"
    },
    {
        "ID_Produto": "751230",
        "Categoria_Scraping": "padaria",
        "Nome": "Pão Enriquecido em Fibra",
        "Marca": "Nossa Padaria",
        "Preco": 0.49,
        "Unidade_Info": "0.07 Kg | 7 €/Kg",
        "Categorias_GTM": "Categoria Referência SFCC, Padaria Fresca, Padaria e Pastelaria",
        "Data_Coleta": "2025-06-01 01:48:42"
    },
    {
        "ID_Produto": "888311",
        "Categoria_Scraping": "padaria",
        "Nome": "Pão Integral",
        "Marca": "Nossa Padaria",
        "Preco": 0.2,
        "Unidade_Info": "0.09 Kg | 2,22 €/Kg",
        "Categorias_GTM": "Padaria Fresca, Padaria e Pastelaria, Categoria Referência SFCC",
        "Data_Coleta": "2025-06-01 01:48:42"
    },
    {
        "ID_Produto": "915647",
        "Categoria_Scraping": "padaria",
        "Nome": "Pão Multigrãos",
        "Marca": "Nossa Padaria",
        "Preco": 1.89,
        "Unidade_Info": "0.45 Kg | 4,2 €/Kg",
        "Categorias_GTM": "Padaria e Pastelaria, Pão Embalado, Categoria Referência SFCC",
        "Data_Coleta": "2025-06-01 01:48:42"
    },
    {
        "ID_Produto": "319767",
        "Categoria_Scraping": "padaria",
        "Nome": "Pão Padas",
        "Marca": "Nossa Padaria",
        "Preco": 0.19,
        "Unidade_Info": "0.075 Kg | 2,53 €/Kg",
        "Categorias_GTM": "Padaria Fresca, Padaria e Pastelaria, Categoria Referência SFCC",
        "Data_Coleta": "2025-06-01 01:48:42"
    },
    {
        "ID_Produto": "813487",
        "Categoria_Scraping": "padaria",
        "Nome": "Pão Rústico Cereais Massa Mãe",
        "Marca": "Bimbo",
        "Preco": 2.79,
        "Unidade_Info": "0.4 Kg | 6,98 €/Kg",
        "Categorias_GTM": "Padaria e Pastelaria, Categoria Referência SFCC, Pão Embalado",
        "Data_Coleta": "2025-06-01 01:48:42"
    },
    {
        "ID_Produto": "41147",
        "Categoria_Scraping": "padaria",
        "Nome": "Salame de Chocolate com Amêndoa",
        "Marca": "Nossa Padaria",
        "Preco": 2.99,
        "Unidade_Info": "0.45 Kg | 6,64 €/Kg",
        "Categorias_GTM": "Padaria e Pastelaria, Pastelaria, Categoria Referência SFCC",
        "Data_Coleta": "2025-06-01 01:48:42"
    },
    {
        "ID_Produto": "755327",
        "Categoria_Scraping": "padaria",
        "Nome": "Talecas de Amêndoa",
        "Marca": "Nossa Padaria",
        "Preco": 2.99,
        "Unidade_Info": "0.25 Kg | 11,96 €/Kg",
        "Categorias_GTM": "Categoria Referência SFCC, Padaria e Pastelaria, Pastelaria",
        "Data_Coleta": "2025-06-01 01:48:48"
    },
    {
        "ID_Produto": "684083",
        "Categoria_Scraping": "padaria",
        "Nome": "Tarte de Brigadeiro",
        "Marca": "Nossa Padaria",
        "Preco": 3.99,
        "Unidade_Info": "0.4 Kg | 9,98 €/Kg",
        "Categorias_GTM": "Categoria Referência SFCC, Padaria e Pastelaria, Pastelaria",
        "Data_Coleta": "2025-06-01 01:48:48"
    },
    {
        "ID_Produto": "969176",
        "Categoria_Scraping": "padaria",
        "Nome": "Tarte de Maçã",
        "Marca": "Nossa Padaria",
        "Preco": 3.99,
        "Unidade_Info": "0.4 Kg | 9,98 €/Kg",
        "Categorias_GTM": "Padaria e Pastelaria, Pastelaria, Categoria Referência SFCC",
        "Data_Coleta": "2025-06-01 01:48:48"
    },
    {
        "ID_Produto": "610723",
        "Categoria_Scraping": "padaria",
        "Nome": "Torta de Laranja",
        "Marca": "Nossa Padaria",
        "Preco": 5.99,
        "Unidade_Info": "0.5 Kg | 11,98 €/Kg",
        "Categorias_GTM": "Categoria Referência SFCC, Padaria e Pastelaria, Pastelaria",
        "Data_Coleta": "2025-06-01 01:48:48"
    },
    {
        "ID_Produto": "984389",
        "Categoria_Scraping": "padaria",
        "Nome": "Lagartos",
        "Marca": "Nossa Padaria",
        "Preco": 1.29,
        "Unidade_Info": "0.23 Kg | 5,61 €/Kg",
        "Categorias_GTM": "Padaria e Pastelaria, Pastelaria, Categoria Referência SFCC",
        "Data_Coleta": "2025-06-01 01:48:48"
    },
    {
        "ID_Produto": "774921",
        "Categoria_Scraping": "padaria",
        "Nome": "Tarte de Amêndoa",
        "Marca": "Nossa Padaria",
        "Preco": 8.99,
        "Unidade_Info": "0.6 Kg | 14,98 €/Kg",
        "Categorias_GTM": "Padaria e Pastelaria, Pastelaria, Categoria Referência SFCC",
        "Data_Coleta": "2025-06-01 01:48:48"
    },
    {
        "ID_Produto": "639938",
        "Categoria_Scraping": "padaria",
        "Nome": "Beijinhos de Pombal",
        "Marca": "Nossa Padaria",
        "Preco": 2.89,
        "Unidade_Info": "0.09 Kg | 32,11 €/Kg",
        "Categorias_GTM": "Categoria Referência SFCC, Padaria e Pastelaria, Pastelaria",
        "Data_Coleta": "2025-06-01 01:48:48"
    },
    {
        "ID_Produto": "609959",
        "Categoria_Scraping": "padaria",
        "Nome": "Biscoitos Janelas de Chocolate",
        "Marca": "Nossa Padaria",
        "Preco": 2.39,
        "Unidade_Info": "0.25 Kg | 9,56 €/Kg",
        "Categorias_GTM": "Padaria e Pastelaria, Pastelaria",
        "Data_Coleta": "2025-06-01 01:48:48"
    },
    {
        "ID_Produto": "777868",
        "Categoria_Scraping": "padaria",
        "Nome": "Bola de Berlim com Creme",
        "Marca": "Nossa Padaria",
        "Preco": 0.89,
        "Unidade_Info": "110 G | 8,09 €/Kg",
        "Categorias_GTM": "Padaria e Pastelaria, Pastelaria",
        "Data_Coleta": "2025-06-01 01:48:48"
    },
    {
        "ID_Produto": "742887",
        "Categoria_Scraping": "padaria",
        "Nome": "Bolo Brigadeiro",
        "Marca": "Nossa Padaria",
        "Preco": 7.99,
        "Unidade_Info": "0.8 Kg | 9,99 €/Kg",
        "Categorias_GTM": "Padaria e Pastelaria, Pastelaria, Categoria Referência SFCC, Poupe Esta Semana, Promoções",
        "Data_Coleta": "2025-06-01 01:48:48"
    },
    {
        "ID_Produto": "856093",
        "Categoria_Scraping": "padaria",
        "Nome": "Bolo Chocopintas",
        "Marca": "Nossa Padaria",
        "Preco": 4.19,
        "Unidade_Info": "0.65 Kg | 6,45 €/Kg",
        "Categorias_GTM": "Padaria e Pastelaria, Pastelaria, Categoria Referência SFCC, Poupe Este Fim De Semana, Poupe Esta Semana",
        "Data_Coleta": "2025-06-01 01:48:48"
    },
    {
        "ID_Produto": "545709",
        "Categoria_Scraping": "padaria",
        "Nome": "Bolo de Aniversário de Doce de Ovo",
        "Marca": "Nossa Padaria",
        "Preco": 9.99,
        "Unidade_Info": "0.8 Kg | 12,49 €/Kg",
        "Categorias_GTM": "Categoria Referência SFCC, Padaria e Pastelaria, Pastelaria",
        "Data_Coleta": "2025-06-01 01:48:48"
    },
    {
        "ID_Produto": "545710",
        "Categoria_Scraping": "padaria",
        "Nome": "Bolo de Aniversário de Doce de Ovo",
        "Marca": "Nossa Padaria",
        "Preco": 12.99,
        "Unidade_Info": "1.2 Kg | 10,83 €/Kg",
        "Categorias_GTM": "Categoria Referência SFCC, Padaria e Pastelaria, Pastelaria",
        "Data_Coleta": "2025-06-01 01:48:54"
    },
    {
        "ID_Produto": "821614",
        "Categoria_Scraping": "padaria",
        "Nome": "Bolo de Arroz",
        "Marca": "Nossa Padaria",
        "Preco": 0.69,
        "Unidade_Info": "60 G | 11,5 €/Kg",
        "Categorias_GTM": "Padaria e Pastelaria, Pastelaria",
        "Data_Coleta": "2025-06-01 01:48:54"
    },
    {
        "ID_Produto": "577489",
        "Categoria_Scraping": "padaria",
        "Nome": "Bolo de Bolacha",
        "Marca": "Nossa Padaria",
        "Preco": 7.99,
        "Unidade_Info": "0.7 Kg | 11,41 €/Kg",
        "Categorias_GTM": "Categoria Referência SFCC, Padaria e Pastelaria, Pastelaria, Poupe Esta Semana, Promoções",
        "Data_Coleta": "2025-06-01 01:48:54"
    },
    {
        "ID_Produto": "952399",
        "Categoria_Scraping": "padaria",
        "Nome": "Bolo de Bolacha",
        "Marca": "Nossa Padaria",
        "Preco": 8.99,
        "Unidade_Info": "0.7 Kg | 12,84 €/Kg",
        "Categorias_GTM": "Padaria e Pastelaria, Pastelaria, Categoria Referência SFCC",
        "Data_Coleta": "2025-06-01 01:48:54"
    },
    {
        "ID_Produto": "927187",
        "Categoria_Scraping": "padaria",
        "Nome": "Bolo de Chocolate",
        "Marca": "Nossa Padaria",
        "Preco": 9.99,
        "Unidade_Info": "0.8 Kg | 12,49 €/Kg",
        "Categorias_GTM": "Padaria e Pastelaria, Pastelaria, Categoria Referência SFCC",
        "Data_Coleta": "2025-06-01 01:48:54"
    },
    {
        "ID_Produto": "721208",
        "Categoria_Scraping": "padaria",
        "Nome": "Bolo de Mel de Cana",
        "Marca": "Nossa Padaria",
        "Preco": 6.59,
        "Unidade_Info": "0.5 Kg | 13,18 €/Kg",
        "Categorias_GTM": "Categoria Referência SFCC, Padaria e Pastelaria, Pastelaria",
        "Data_Coleta": "2025-06-01 01:48:54"
    },
    {
        "ID_Produto": "697111",
        "Categoria_Scraping": "padaria",
        "Nome": "Bolo de Noz",
        "Marca": "Nossa Padaria",
        "Preco": 3.79,
        "Unidade_Info": "0.5 Kg | 7,58 €/Kg",
        "Categorias_GTM": "Categoria Referência SFCC, Padaria e Pastelaria, Pastelaria, Poupe Esta Semana, Promoções",
        "Data_Coleta": "2025-06-01 01:48:54"
    },
    {
        "ID_Produto": "844167",
        "Categoria_Scraping": "padaria",
        "Nome": "Bolo do Caco",
        "Marca": "Nossa Padaria",
        "Preco": 0.58,
        "Unidade_Info": "0.1 Kg | 5,8 €/Kg",
        "Categorias_GTM": "Padaria Fresca, Padaria e Pastelaria, Categoria Referência SFCC",
        "Data_Coleta": "2025-06-01 01:48:54"
    },
    {
        "ID_Produto": "969519",
        "Categoria_Scraping": "padaria",
        "Nome": "Bolo Red Velvet",
        "Marca": "Nossa Padaria",
        "Preco": 9.99,
        "Unidade_Info": "0.7 Kg | 14,27 €/Kg",
        "Categorias_GTM": "Padaria e Pastelaria, Pastelaria, Categoria Referência SFCC",
        "Data_Coleta": "2025-06-01 01:48:54"
    },
    {
        "ID_Produto": "257070",
        "Categoria_Scraping": "padaria",
        "Nome": "Bretzel de Amêndoa",
        "Marca": "Nossa Padaria",
        "Preco": 1.19,
        "Unidade_Info": "0.13 Kg | 9,15 €/Kg",
        "Categorias_GTM": "Padaria e Pastelaria, Pastelaria",
        "Data_Coleta": "2025-06-01 01:48:54"
    },
    {
        "ID_Produto": "254348",
        "Categoria_Scraping": "padaria",
        "Nome": "Chausson de Maçã",
        "Marca": "Nossa Padaria",
        "Preco": 0.89,
        "Unidade_Info": "0.095 Kg | 9,37 €/Kg",
        "Categorias_GTM": "Padaria e Pastelaria, Pastelaria",
        "Data_Coleta": "2025-06-01 01:48:54"
    },
    {
        "ID_Produto": "926470",
        "Categoria_Scraping": "padaria",
        "Nome": "Cheesecake de Frutos Vermelhos",
        "Marca": "Nossa Padaria",
        "Preco": 7.99,
        "Unidade_Info": "0.7 Kg | 11,41 €/Kg",
        "Categorias_GTM": "Padaria e Pastelaria, Pastelaria, Categoria Referência SFCC, Poupe Este Fim De Semana, Poupe Esta Semana",
        "Data_Coleta": "2025-06-01 01:48:54"
    },
    {
        "ID_Produto": "952400",
        "Categoria_Scraping": "padaria",
        "Nome": "Cheesecake de Frutos Vermelhos",
        "Marca": "Nossa Padaria",
        "Preco": 7.99,
        "Unidade_Info": "0.7 Kg | 11,41 €/Kg",
        "Categorias_GTM": "Categoria Referência SFCC, Padaria e Pastelaria, Pastelaria, Poupe Esta Semana, Promoções",
        "Data_Coleta": "2025-06-01 01:49:00"
    },
    {
        "ID_Produto": "761664",
        "Categoria_Scraping": "padaria",
        "Nome": "Croissant Brioche",
        "Marca": "Nossa Padaria",
        "Preco": 0.59,
        "Unidade_Info": "85 G | 6,94 €/Kg",
        "Categorias_GTM": "Padaria e Pastelaria, Pastelaria",
        "Data_Coleta": "2025-06-01 01:49:00"
    },
    {
        "ID_Produto": "254380",
        "Categoria_Scraping": "padaria",
        "Nome": "Croissant com Chocolate",
        "Marca": "Nossa Padaria",
        "Preco": 0.99,
        "Unidade_Info": "100 G | 9,9 €/Kg",
        "Categorias_GTM": "Padaria e Pastelaria, Pastelaria",
        "Data_Coleta": "2025-06-01 01:49:00"
    },
    {
        "ID_Produto": "764091",
        "Categoria_Scraping": "padaria",
        "Nome": "Croissant com Creme",
        "Marca": "Nossa Padaria",
        "Preco": 0.99,
        "Unidade_Info": "0.1 Kg | 9,9 €/Kg",
        "Categorias_GTM": "Padaria e Pastelaria, Pastelaria",
        "Data_Coleta": "2025-06-01 01:49:00"
    },
    {
        "ID_Produto": "764092",
        "Categoria_Scraping": "padaria",
        "Nome": "Croissant com Sementes",
        "Marca": "Nossa Padaria",
        "Preco": 0.69,
        "Unidade_Info": "0.08 Kg | 8,63 €/Kg",
        "Categorias_GTM": "Padaria e Pastelaria, Pastelaria, Poupe Esta Semana, Promoções, Categoria Referência SFCC",
        "Data_Coleta": "2025-06-01 01:49:00"
    },
    {
        "ID_Produto": "764082",
        "Categoria_Scraping": "padaria",
        "Nome": "Croissant de Manteiga",
        "Marca": "Nossa Padaria",
        "Preco": 0.45,
        "Unidade_Info": "48 G | 9 €/Kg",
        "Categorias_GTM": "Padaria e Pastelaria, Pastelaria",
        "Data_Coleta": "2025-06-01 01:49:00"
    },
    {
        "ID_Produto": "955345",
        "Categoria_Scraping": "padaria",
        "Nome": "Croissant Português",
        "Marca": "Nossa Padaria",
        "Preco": 0.99,
        "Unidade_Info": "0.08 Kg | 12,38 €/Kg",
        "Categorias_GTM": "Padaria e Pastelaria, Pastelaria",
        "Data_Coleta": "2025-06-01 01:49:00"
    },
    {
        "ID_Produto": "254453",
        "Categoria_Scraping": "padaria",
        "Nome": "Dawnut's Açucarados",
        "Marca": "Nossa Padaria",
        "Preco": 0.39,
        "Unidade_Info": "0.049 Kg | 7,96 €/Kg",
        "Categorias_GTM": "N/A",
        "Data_Coleta": "2025-06-01 01:49:00"
    },
    {
        "ID_Produto": "254347",
        "Categoria_Scraping": "padaria",
        "Nome": "Dawnut's de Chocolate",
        "Marca": "Nossa Padaria",
        "Preco": 0.49,
        "Unidade_Info": "0.055 Kg | 8,91 €/Kg",
        "Categorias_GTM": "N/A",
        "Data_Coleta": "2025-06-01 01:49:00"
    },
    {
        "ID_Produto": "256272",
        "Categoria_Scraping": "padaria",
        "Nome": "Dawnut's Recheado com Chocolate",
        "Marca": "Nossa Padaria",
        "Preco": 0.89,
        "Unidade_Info": "0.075 Kg | 11,87 €/Kg",
        "Categorias_GTM": "N/A",
        "Data_Coleta": "2025-06-01 01:49:00"
    },
    {
        "ID_Produto": "733281",
        "Categoria_Scraping": "padaria",
        "Nome": "Delícia de Bolacha",
        "Marca": "Nossa Padaria",
        "Preco": 4.99,
        "Unidade_Info": "0.5 Kg | 9,98 €/Kg",
        "Categorias_GTM": "Categoria Referência SFCC, Padaria e Pastelaria, Pastelaria",
        "Data_Coleta": "2025-06-01 01:49:00"
    },
    {
        "ID_Produto": "754224",
        "Categoria_Scraping": "padaria",
        "Nome": "Delícia de Brigadeiro",
        "Marca": "Nossa Padaria",
        "Preco": 4.99,
        "Unidade_Info": "0.45 Kg | 11,09 €/Kg",
        "Categorias_GTM": "Padaria e Pastelaria, Pastelaria, Categoria Referência SFCC",
        "Data_Coleta": "2025-06-01 01:49:00"
    },
    {
        "ID_Produto": "974256",
        "Categoria_Scraping": "padaria",
        "Nome": "Divinos de Coco e Praliné",
        "Marca": "Nossa Padaria",
        "Preco": 1.99,
        "Unidade_Info": "0.192 Kg | 10,36 €/Kg",
        "Categorias_GTM": "Padaria e Pastelaria, Pastelaria, Categoria Referência SFCC",
        "Data_Coleta": "2025-06-01 01:49:06"
    },
    {
        "ID_Produto": "254383",
        "Categoria_Scraping": "padaria",
        "Nome": "Empanadilha de Atum",
        "Marca": "Nossa Padaria",
        "Preco": 0.79,
        "Unidade_Info": "0.115 Kg | 6,87 €/Kg",
        "Categorias_GTM": "Padaria e Pastelaria, Pastelaria, Categoria Referência SFCC, Poupe Este Fim De Semana, Poupe Esta Semana",
        "Data_Coleta": "2025-06-01 01:49:06"
    },
    {
        "ID_Produto": "810394",
        "Categoria_Scraping": "padaria",
        "Nome": "Fatia de Salame de Chocolate",
        "Marca": "Nossa Padaria",
        "Preco": 0.79,
        "Unidade_Info": "0.06 Kg | 13,17 €/Kg",
        "Categorias_GTM": "Padaria e Pastelaria, Pastelaria, Categoria Referência SFCC",
        "Data_Coleta": "2025-06-01 01:49:06"
    },
    {
        "ID_Produto": "254362",
        "Categoria_Scraping": "padaria",
        "Nome": "Ferradura de Chocolate",
        "Marca": "Nossa Padaria",
        "Preco": 1.29,
        "Unidade_Info": "0.115 Kg | 11,22 €/Kg",
        "Categorias_GTM": "Padaria e Pastelaria, Pastelaria",
        "Data_Coleta": "2025-06-01 01:49:06"
    },
    {
        "ID_Produto": "569020",
        "Categoria_Scraping": "padaria",
        "Nome": "Fios de Ovos",
        "Marca": "Nossa Padaria",
        "Preco": 3.69,
        "Unidade_Info": "0.1 Kg | 36,9 €/Kg",
        "Categorias_GTM": "Categoria Referência SFCC, Padaria e Pastelaria, Pastelaria",
        "Data_Coleta": "2025-06-01 01:49:06"
    },
    {
        "ID_Produto": "902807",
        "Categoria_Scraping": "padaria",
        "Nome": "Folhado de Salsicha",
        "Marca": "Nossa Padaria",
        "Preco": 0.99,
        "Unidade_Info": "100 G | 9,9 €/Un",
        "Categorias_GTM": "Padaria e Pastelaria, Pastelaria",
        "Data_Coleta": "2025-06-01 01:49:06"
    },
    {
        "ID_Produto": "959934",
        "Categoria_Scraping": "padaria",
        "Nome": "Folhado Misto com Carne",
        "Marca": "Nossa Padaria",
        "Preco": 0.99,
        "Unidade_Info": "0.13 Kg | 7,62 €/Kg",
        "Categorias_GTM": "Padaria e Pastelaria, Pastelaria",
        "Data_Coleta": "2025-06-01 01:49:06"
    },
    {
        "ID_Produto": "254915",
        "Categoria_Scraping": "padaria",
        "Nome": "Guardanapo",
        "Marca": "Nossa Padaria",
        "Preco": 0.89,
        "Unidade_Info": "0.1 Kg | 8,9 €/Kg",
        "Categorias_GTM": "Pastelaria, Padaria e Pastelaria",
        "Data_Coleta": "2025-06-01 01:49:06"
    },
    {
        "ID_Produto": "900477",
        "Categoria_Scraping": "padaria",
        "Nome": "Levedura Fresca",
        "Marca": "Nossa Padaria",
        "Preco": 0.65,
        "Unidade_Info": "0.05 Kg | 13 €/Kg",
        "Categorias_GTM": "Padaria e Pastelaria, Frigorífico, Massas e Outros, Categoria Referência SFCC",
        "Data_Coleta": "2025-06-01 01:49:06"
    },
    {
        "ID_Produto": "929750",
        "Categoria_Scraping": "padaria",
        "Nome": "Macarons Embalados",
        "Marca": "Nossa Padaria",
        "Preco": 3.59,
        "Unidade_Info": "0.11 Kg | 32,64 €/Kg",
        "Categorias_GTM": "Padaria e Pastelaria, Pastelaria, Categoria Referência SFCC",
        "Data_Coleta": "2025-06-01 01:49:06"
    },
    {
        "ID_Produto": "738198",
        "Categoria_Scraping": "padaria",
        "Nome": "Merenda de Chocolate",
        "Marca": "Nossa Padaria",
        "Preco": 0.69,
        "Unidade_Info": "0.08 Kg | 8,63 €/Kg",
        "Categorias_GTM": "Padaria e Pastelaria, Pastelaria, Poupe Esta Semana, Promoções, Categoria Referência SFCC",
        "Data_Coleta": "2025-06-01 01:49:06"
    },
    {
        "ID_Produto": "254381",
        "Categoria_Scraping": "padaria",
        "Nome": "Merenda Mista",
        "Marca": "Nossa Padaria",
        "Preco": 0.79,
        "Unidade_Info": "0.095 Kg | 8,32 €/Kg",
        "Categorias_GTM": "Padaria e Pastelaria, Pastelaria",
        "Data_Coleta": "2025-06-01 01:49:06"
    },
    {
        "ID_Produto": "824322",
        "Categoria_Scraping": "padaria",
        "Nome": "MERENDA MISTA C&B",
        "Marca": "",
        "Preco": 0.89,
        "Unidade_Info": "0.095 Un | 9,37 €/Un",
        "Categorias_GTM": "Padaria e Pastelaria, Pastelaria",
        "Data_Coleta": "2025-06-01 01:49:12"
    },
    {
        "ID_Produto": "847499",
        "Categoria_Scraping": "padaria",
        "Nome": "Mil Folhas",
        "Marca": "Nossa Padaria",
        "Preco": 1.09,
        "Unidade_Info": "0.1 Kg | 10,9 €/Kg",
        "Categorias_GTM": "Padaria e Pastelaria, Pastelaria",
        "Data_Coleta": "2025-06-01 01:49:12"
    },
    {
        "ID_Produto": "888968",
        "Categoria_Scraping": "padaria",
        "Nome": "Palmier Recheado",
        "Marca": "Nossa Padaria",
        "Preco": 0.89,
        "Unidade_Info": "0.11 Kg | 8,09 €/Kg",
        "Categorias_GTM": "Padaria e Pastelaria, Pastelaria, Poupe Esta Semana, Promoções, Categoria Referência SFCC",
        "Data_Coleta": "2025-06-01 01:49:12"
    },
    {
        "ID_Produto": "991283",
        "Categoria_Scraping": "padaria",
        "Nome": "Pão de Forma com Côdea Familiar",
        "Marca": "Panrico",
        "Preco": 2.49,
        "Unidade_Info": "0.825 Kg | 3,02 €/Kg",
        "Categorias_GTM": "Padaria e Pastelaria, Pão Embalado, Categoria Referência SFCC",
        "Data_Coleta": "2025-06-01 01:49:12"
    },
    {
        "ID_Produto": "745605",
        "Categoria_Scraping": "padaria",
        "Nome": "Pão de Leite",
        "Marca": "Nossa Padaria",
        "Preco": 1.99,
        "Unidade_Info": "0.35 Kg | 5,69 €/Kg",
        "Categorias_GTM": "Padaria e Pastelaria, Pastelaria",
        "Data_Coleta": "2025-06-01 01:49:12"
    },
    {
        "ID_Produto": "945101",
        "Categoria_Scraping": "padaria",
        "Nome": "Pão de Queijo com Bacon",
        "Marca": "Nossa Padaria",
        "Preco": 0.23,
        "Unidade_Info": "0.03 Kg | 7,67 €/Kg",
        "Categorias_GTM": "Categoria Referência SFCC, Padaria Fresca, Padaria e Pastelaria, Poupe Este Fim De Semana, Poupe Esta Semana",
        "Data_Coleta": "2025-06-01 01:49:12"
    },
    {
        "ID_Produto": "970526",
        "Categoria_Scraping": "padaria",
        "Nome": "Pão de Queijo com Frango",
        "Marca": "Nossa Padaria",
        "Preco": 0.35,
        "Unidade_Info": "0.035 Kg | 10 €/Kg",
        "Categorias_GTM": "Padaria Fresca, Padaria e Pastelaria, Categoria Referência SFCC",
        "Data_Coleta": "2025-06-01 01:49:12"
    },
    {
        "ID_Produto": "720868",
        "Categoria_Scraping": "padaria",
        "Nome": "Pão de Rio Maior",
        "Marca": "Nossa Padaria",
        "Preco": 2.29,
        "Unidade_Info": "0.9 Kg | 2,54 €/Kg",
        "Categorias_GTM": "Categoria Referência SFCC, Padaria Fresca, Padaria e Pastelaria",
        "Data_Coleta": "2025-06-01 01:49:12"
    },
    {
        "ID_Produto": "905265",
        "Categoria_Scraping": "padaria",
        "Nome": "Pão Forno de Lenha com Flocos de Aveia",
        "Marca": "Nossa Padaria",
        "Preco": 1.69,
        "Unidade_Info": "0.5 Kg | 3,38 €/Kg",
        "Categorias_GTM": "Padaria Fresca, Padaria e Pastelaria, Categoria Referência SFCC",
        "Data_Coleta": "2025-06-01 01:49:12"
    },
    {
        "ID_Produto": "841153",
        "Categoria_Scraping": "padaria",
        "Nome": "Pão Massa Mãe  para Diabéticos",
        "Marca": "Nossa Padaria",
        "Preco": 2.49,
        "Unidade_Info": "0.35 Kg | 7,11 €/Kg",
        "Categorias_GTM": "Padaria e Pastelaria, Categoria Referência SFCC, Pão Embalado",
        "Data_Coleta": "2025-06-01 01:49:12"
    },
    {
        "ID_Produto": "254345",
        "Categoria_Scraping": "padaria",
        "Nome": "Pastel de Nata",
        "Marca": "Nossa Padaria",
        "Preco": 0.29,
        "Unidade_Info": "55 G | 5,27 €/Kg",
        "Categorias_GTM": "Padaria e Pastelaria, Pastelaria, Categoria Referência SFCC, Poupe Este Fim De Semana, Poupe Esta Semana",
        "Data_Coleta": "2025-06-01 01:49:12"
    },
    {
        "ID_Produto": "777950",
        "Categoria_Scraping": "padaria",
        "Nome": "Pastel de Nata Gourmet",
        "Marca": "Nossa Padaria",
        "Preco": 0.79,
        "Unidade_Info": "70 G | 11,29 €/Kg",
        "Categorias_GTM": "Padaria e Pastelaria, Pastelaria",
        "Data_Coleta": "2025-06-01 01:49:12"
    },
    {
        "ID_Produto": "958816",
        "Categoria_Scraping": "padaria",
        "Nome": "Pudim de Gemas",
        "Marca": "Nossa Padaria",
        "Preco": 5.99,
        "Unidade_Info": "0.5 Kg | 11,98 €/Kg",
        "Categorias_GTM": "Padaria e Pastelaria, Pastelaria, Categoria Referência SFCC",
        "Data_Coleta": "2025-06-01 01:49:18"
    },
    {
        "ID_Produto": "957796",
        "Categoria_Scraping": "padaria",
        "Nome": "Queijada de Noz",
        "Marca": "Nossa Padaria",
        "Preco": 0.99,
        "Unidade_Info": "0.08 Kg | 12,38 €/Kg",
        "Categorias_GTM": "Padaria e Pastelaria, Pastelaria",
        "Data_Coleta": "2025-06-01 01:49:18"
    },
    {
        "ID_Produto": "834265",
        "Categoria_Scraping": "padaria",
        "Nome": "Queijada de Requeijão",
        "Marca": "Nossa Padaria",
        "Preco": 0.89,
        "Unidade_Info": "0.09 Kg | 9,89 €/Kg",
        "Categorias_GTM": "Padaria e Pastelaria, Pastelaria, Categoria Referência SFCC, Poupe Este Fim De Semana, Promoções",
        "Data_Coleta": "2025-06-01 01:49:18"
    },
    {
        "ID_Produto": "724081",
        "Categoria_Scraping": "padaria",
        "Nome": "Queijinhos de Amêndoa com Ovos Moles",
        "Marca": "Nossa Padaria",
        "Preco": 3.69,
        "Unidade_Info": "0.12 Kg | 30,75 €/Kg",
        "Categorias_GTM": "Categoria Referência SFCC, Padaria e Pastelaria, Pastelaria",
        "Data_Coleta": "2025-06-01 01:49:18"
    },
    {
        "ID_Produto": "822087",
        "Categoria_Scraping": "padaria",
        "Nome": "Queque",
        "Marca": "Nossa Padaria",
        "Preco": 0.49,
        "Unidade_Info": "0.055 Kg | 8,91 €/Kg",
        "Categorias_GTM": "Padaria e Pastelaria, Pastelaria, Poupe Esta Semana, Promoções, Categoria Referência SFCC",
        "Data_Coleta": "2025-06-01 01:49:18"
    },
    {
        "ID_Produto": "968495",
        "Categoria_Scraping": "padaria",
        "Nome": "Saco para Pão",
        "Marca": "Nossa Padaria",
        "Preco": 2.99,
        "Unidade_Info": "N/A",
        "Categorias_GTM": "Padaria e Pastelaria, Sacos de Compras, Categoria Referência SFCC",
        "Data_Coleta": "2025-06-01 01:49:18"
    },
    {
        "ID_Produto": "664645",
        "Categoria_Scraping": "padaria",
        "Nome": "Tarte de Coco",
        "Marca": "Nossa Padaria",
        "Preco": 3.99,
        "Unidade_Info": "0.4 Kg | 9,98 €/Kg",
        "Categorias_GTM": "Categoria Referência SFCC, Padaria e Pastelaria, Pastelaria",
        "Data_Coleta": "2025-06-01 01:49:18"
    },
    {
        "ID_Produto": "729722",
        "Categoria_Scraping": "padaria",
        "Nome": "Torta de Doce de Ovo",
        "Marca": "Nossa Padaria",
        "Preco": 3.99,
        "Unidade_Info": "0.35 Kg | 11,4 €/Kg",
        "Categorias_GTM": "Categoria Referência SFCC, Padaria e Pastelaria, Pastelaria",
        "Data_Coleta": "2025-06-01 01:49:18"
    },
    {
        "ID_Produto": "724148",
        "Categoria_Scraping": "padaria",
        "Nome": "Trufas com Ovos Moles",
        "Marca": "Nossa Padaria",
        "Preco": 3.69,
        "Unidade_Info": "0.12 Kg | 30,75 €/Kg",
        "Categorias_GTM": "Categoria Referência SFCC, Padaria e Pastelaria, Pastelaria",
        "Data_Coleta": "2025-06-01 01:49:18"
    },
    {
        "ID_Produto": "912756",
        "Categoria_Scraping": "padaria",
        "Nome": "Waffle",
        "Marca": "Nossa Padaria",
        "Preco": 1.19,
        "Unidade_Info": "0.11 Kg | 10,82 €/Kg",
        "Categorias_GTM": "Padaria e Pastelaria, Pastelaria",
        "Data_Coleta": "2025-06-01 01:49:18"
    },
    {
        "ID_Produto": "950035",
        "Categoria_Scraping": "padaria",
        "Nome": "Wraps de Trigo Integral Rolls",
        "Marca": "Bimbo",
        "Preco": 1.99,
        "Unidade_Info": "0.24 Un | 8,29 €/Un",
        "Categorias_GTM": "Padaria e Pastelaria, Pão Embalado, Categoria Referência SFCC, Poupe Esta Semana, Promoções",
        "Data_Coleta": "2025-06-01 01:49:18"
    },
    {
        "ID_Produto": "950028",
        "Categoria_Scraping": "charcutaria",
        "Nome": "Bacon em Cubos",
        "Marca": "Porminho",
        "Preco": 2.59,
        "Unidade_Info": "0.15 Kg | 17,27 €/Kg",
        "Categorias_GTM": "Bacon, Charcutaria, Categoria Referência SFCC, Poupe Esta Semana, Promoções",
        "Data_Coleta": "2025-06-01 01:49:58"
    },
    {
        "ID_Produto": "725396",
        "Categoria_Scraping": "charcutaria",
        "Nome": "Fiambre Corrente Fatiado",
        "Marca": "Porminho",
        "Preco": 1.39,
        "Unidade_Info": "0.2 Kg | 6,95 €/Kg",
        "Categorias_GTM": "Categoria Referência SFCC, Charcutaria, Fiambre e Mortadela",
        "Data_Coleta": "2025-06-01 01:49:58"
    },
    {
        "ID_Produto": "250913",
        "Categoria_Scraping": "charcutaria",
        "Nome": "Fiambre da Perna Extra Fumado",
        "Marca": "Pingo Doce",
        "Preco": 15.19,
        "Unidade_Info": "0.2 Kg",
        "Categorias_GTM": "As Nossas Marcas, Pingo Doce, Charcutaria, Fiambre e Mortadela, Categoria Referência SFCC",
        "Data_Coleta": "2025-06-01 01:49:58"
    },
    {
        "ID_Produto": "750643",
        "Categoria_Scraping": "charcutaria",
        "Nome": "Alheira de Mirandela",
        "Marca": "Eurofumeiro",
        "Preco": 2.01,
        "Unidade_Info": "0.2 Kg | 10,05 €/Kg",
        "Categorias_GTM": "Categoria Referência SFCC, Alheira e Farinheira, Charcutaria",
        "Data_Coleta": "2025-06-01 01:49:58"
    },
    {
        "ID_Produto": "823789",
        "Categoria_Scraping": "charcutaria",
        "Nome": "Alheira de Mirandela",
        "Marca": "Pingo Doce",
        "Preco": 1.59,
        "Unidade_Info": "0.2 Kg | 7,95 €/Kg",
        "Categorias_GTM": "As Nossas Marcas, Pingo Doce, Categoria Referência SFCC, Alheira e Farinheira, Charcutaria",
        "Data_Coleta": "2025-06-01 01:49:58"
    },
    {
        "ID_Produto": "952571",
        "Categoria_Scraping": "charcutaria",
        "Nome": "Bacon em Tiras",
        "Marca": "Primor",
        "Preco": 1.65,
        "Unidade_Info": "0.15 Kg | 11 €/Kg",
        "Categorias_GTM": "Categoria Referência SFCC, Bacon, Charcutaria",
        "Data_Coleta": "2025-06-01 01:49:58"
    },
    {
        "ID_Produto": "644660",
        "Categoria_Scraping": "charcutaria",
        "Nome": "Bacon em Tiras",
        "Marca": "Marion",
        "Preco": 1.85,
        "Unidade_Info": "0.13 Kg | 14,23 €/Kg",
        "Categorias_GTM": "Categoria Referência SFCC, Bacon, Charcutaria, Poupe Esta Semana, Promoções",
        "Data_Coleta": "2025-06-01 01:49:58"
    },
    {
        "ID_Produto": "877644",
        "Categoria_Scraping": "charcutaria",
        "Nome": "Bacon Fatiado",
        "Marca": "Porminho",
        "Preco": 1.89,
        "Unidade_Info": "0.2 Kg | 9,45 €/Kg",
        "Categorias_GTM": "Bacon, Charcutaria, Categoria Referência SFCC",
        "Data_Coleta": "2025-06-01 01:49:58"
    },
    {
        "ID_Produto": "843598",
        "Categoria_Scraping": "charcutaria",
        "Nome": "Bacon Fumado Mini Tiras",
        "Marca": "Marion",
        "Preco": 2.35,
        "Unidade_Info": "0.12 Kg | 19,58 €/Kg",
        "Categorias_GTM": "Categoria Referência SFCC, Bacon, Charcutaria",
        "Data_Coleta": "2025-06-01 01:49:58"
    },
    {
        "ID_Produto": "967878",
        "Categoria_Scraping": "charcutaria",
        "Nome": "Bacon Naco",
        "Marca": "Terras do Demo",
        "Preco": 3.12,
        "Unidade_Info": "0.3 Kg | 10,4 €/Kg",
        "Categorias_GTM": "Bacon, Charcutaria, Categoria Referência SFCC",
        "Data_Coleta": "2025-06-01 01:49:58"
    },
    {
        "ID_Produto": "762257",
        "Categoria_Scraping": "charcutaria",
        "Nome": "Bacon Naco",
        "Marca": "Porminho",
        "Preco": 3.59,
        "Unidade_Info": "0.2 Kg | 17,95 €/Kg",
        "Categorias_GTM": "Bacon, Charcutaria, Categoria Referência SFCC",
        "Data_Coleta": "2025-06-01 01:49:58"
    },
    {
        "ID_Produto": "745664",
        "Categoria_Scraping": "charcutaria",
        "Nome": "Chourição Fatiado Extra",
        "Marca": "Pingo Doce",
        "Preco": 1.79,
        "Unidade_Info": "0.2 Kg | 8,95 €/Kg",
        "Categorias_GTM": "As Nossas Marcas, Pingo Doce, Categoria Referência SFCC, Charcutaria, Chouriço e Chourição",
        "Data_Coleta": "2025-06-01 01:49:58"
    },
    {
        "ID_Produto": "599468",
        "Categoria_Scraping": "charcutaria",
        "Nome": "Chouriço Corrente",
        "Marca": "Stec",
        "Preco": 3.49,
        "Unidade_Info": "0.4 Kg | 8,73 €/Kg",
        "Categorias_GTM": "Categoria Referência SFCC, Charcutaria, Chouriço e Chourição",
        "Data_Coleta": "2025-06-01 01:50:12"
    },
    {
        "ID_Produto": "975270",
        "Categoria_Scraping": "charcutaria",
        "Nome": "Chouriço de Porco Preto",
        "Marca": "Pingo Doce",
        "Preco": 2.45,
        "Unidade_Info": "0.15 Kg | 16,33 €/Kg",
        "Categorias_GTM": "As Nossas Marcas, Pingo Doce, Charcutaria, Chouriço e Chourição, Categoria Referência SFCC",
        "Data_Coleta": "2025-06-01 01:50:12"
    },
    {
        "ID_Produto": "745663",
        "Categoria_Scraping": "charcutaria",
        "Nome": "Fiambre da Pá Fatiado",
        "Marca": "Pingo Doce",
        "Preco": 1.59,
        "Unidade_Info": "0.2 Kg | 7,95 €/Kg",
        "Categorias_GTM": "Categoria Referência SFCC, Charcutaria, Fiambre e Mortadela, As Nossas Marcas, Pingo Doce",
        "Data_Coleta": "2025-06-01 01:50:12"
    },
    {
        "ID_Produto": "739880",
        "Categoria_Scraping": "charcutaria",
        "Nome": "Fiambre da Perna Extra Fatiado",
        "Marca": "Pingo Doce",
        "Preco": 1.99,
        "Unidade_Info": "0.2 Kg | 9,95 €/Kg",
        "Categorias_GTM": "Categoria Referência SFCC, Charcutaria, Fiambre e Mortadela, As Nossas Marcas, Pingo Doce",
        "Data_Coleta": "2025-06-01 01:50:12"
    },
    {
        "ID_Produto": "337364",
        "Categoria_Scraping": "charcutaria",
        "Nome": "Fiambre da Perna Extra Fatiado ao Balcão",
        "Marca": "Nobre",
        "Preco": 19.99,
        "Unidade_Info": "0.2 Kg",
        "Categorias_GTM": "Charcutaria, Fiambre e Mortadela, Categoria Referência SFCC",
        "Data_Coleta": "2025-06-01 01:50:12"
    },
    {
        "ID_Produto": "733529",
        "Categoria_Scraping": "charcutaria",
        "Nome": "Fiambre da Perna Extra Fatias Finas",
        "Marca": "Nobre",
        "Preco": 2.55,
        "Unidade_Info": "0.12 Kg | 21,25 €/Kg",
        "Categorias_GTM": "Charcutaria, Fiambre e Mortadela, Categoria Referência SFCC",
        "Data_Coleta": "2025-06-01 01:50:12"
    },
    {
        "ID_Produto": "739879",
        "Categoria_Scraping": "charcutaria",
        "Nome": "Fiambre da Perna Extra Fatias Finas",
        "Marca": "Pingo Doce",
        "Preco": 1.79,
        "Unidade_Info": "0.225 Kg | 7,96 €/Kg",
        "Categorias_GTM": "Charcutaria, Fiambre e Mortadela, As Nossas Marcas, Pingo Doce, Categoria Referência SFCC",
        "Data_Coleta": "2025-06-01 01:50:12"
    },
    {
        "ID_Produto": "739881",
        "Categoria_Scraping": "charcutaria",
        "Nome": "Fiambre da Perna Extra Fatias Finas",
        "Marca": "Pingo Doce",
        "Preco": 1.39,
        "Unidade_Info": "0.15 Kg | 9,27 €/Kg",
        "Categorias_GTM": "As Nossas Marcas, Pingo Doce, Categoria Referência SFCC, Charcutaria, Fiambre e Mortadela",
        "Data_Coleta": "2025-06-01 01:50:12"
    },
    {
        "ID_Produto": "250771",
        "Categoria_Scraping": "charcutaria",
        "Nome": "Fiambre de Peito de Peru Forno de Lenha Fatiado ao Balcão",
        "Marca": "Campofrio",
        "Preco": 19.99,
        "Unidade_Info": "0.2 Kg",
        "Categorias_GTM": "Charcutaria, Fiambre e Mortadela, Categoria Referência SFCC",
        "Data_Coleta": "2025-06-01 01:50:12"
    },
    {
        "ID_Produto": "962939",
        "Categoria_Scraping": "charcutaria",
        "Nome": "Fiambre Peito de Frango",
        "Marca": "Pingo Doce",
        "Preco": 12.09,
        "Unidade_Info": "0.2 Kg",
        "Categorias_GTM": "Charcutaria, Fiambre e Mortadela, As Nossas Marcas, Pingo Doce, Categoria Referência SFCC",
        "Data_Coleta": "2025-06-01 01:50:12"
    },
    {
        "ID_Produto": "953489",
        "Categoria_Scraping": "charcutaria",
        "Nome": "Fiambre Peito de Frango",
        "Marca": "Monells",
        "Preco": 1.99,
        "Unidade_Info": "0.15 Kg | 13,27 €/Kg",
        "Categorias_GTM": "Charcutaria, Fiambre e Mortadela, Categoria Referência SFCC",
        "Data_Coleta": "2025-06-01 01:50:12"
    },
    {
        "ID_Produto": "733576",
        "Categoria_Scraping": "charcutaria",
        "Nome": "Fiambre Peito de Frango Forno de Lenha Fatias Finas",
        "Marca": "Campofrio",
        "Preco": 2.75,
        "Unidade_Info": "0.12 Kg | 22,92 €/Kg",
        "Categorias_GTM": "Charcutaria, Fiambre e Mortadela, Categoria Referência SFCC",
        "Data_Coleta": "2025-06-01 01:50:12"
    },
    {
        "ID_Produto": "846884",
        "Categoria_Scraping": "charcutaria",
        "Nome": "Fiambre Peito de Peru Extra Fatias Finas",
        "Marca": "Nobre",
        "Preco": 2.75,
        "Unidade_Info": "0.11 Kg | 25 €/Kg",
        "Categorias_GTM": "Categoria Referência SFCC, Charcutaria, Fiambre e Mortadela",
        "Data_Coleta": "2025-06-01 01:50:17"
    },
    {
        "ID_Produto": "703175",
        "Categoria_Scraping": "charcutaria",
        "Nome": "Fiambre Peito de Peru Fatiado ao Balcão",
        "Marca": "Primor",
        "Preco": 11.69,
        "Unidade_Info": "0.2 Kg",
        "Categorias_GTM": "Categoria Referência SFCC, Charcutaria, Fiambre e Mortadela, Poupe Esta Semana, Promoções",
        "Data_Coleta": "2025-06-01 01:50:17"
    },
    {
        "ID_Produto": "753393",
        "Categoria_Scraping": "charcutaria",
        "Nome": "Fiambre Peito de Peru Fatias Finas Cuida-t+",
        "Marca": "Nobre",
        "Preco": 2.75,
        "Unidade_Info": "0.11 Kg | 25 €/Kg",
        "Categorias_GTM": "Charcutaria, Fiambre e Mortadela, Categoria Referência SFCC",
        "Data_Coleta": "2025-06-01 01:50:17"
    },
    {
        "ID_Produto": "733575",
        "Categoria_Scraping": "charcutaria",
        "Nome": "Fiambre Peito de Peru Forno de Lenha Fatias",
        "Marca": "Campofrio",
        "Preco": 2.75,
        "Unidade_Info": "0.12 Kg | 22,92 €/Kg",
        "Categorias_GTM": "Categoria Referência SFCC, Charcutaria, Fiambre e Mortadela",
        "Data_Coleta": "2025-06-01 01:50:17"
    },
    {
        "ID_Produto": "726424",
        "Categoria_Scraping": "charcutaria",
        "Nome": "Fiambre Peito de Peru Forno de Lenha Fatias Finas",
        "Marca": "Campofrio",
        "Preco": 2.75,
        "Unidade_Info": "0.12 Kg | 22,92 €/Kg",
        "Categorias_GTM": "Categoria Referência SFCC, Charcutaria, Fiambre e Mortadela",
        "Data_Coleta": "2025-06-01 01:50:17"
    },
    {
        "ID_Produto": "739886",
        "Categoria_Scraping": "charcutaria",
        "Nome": "Presunto Fatiado 5 Meses de Cura",
        "Marca": "Pingo Doce",
        "Preco": 3.19,
        "Unidade_Info": "0.2 Kg | 15,95 €/Kg",
        "Categorias_GTM": "Charcutaria, Presunto, As Nossas Marcas, Pingo Doce, Categoria Referência SFCC",
        "Data_Coleta": "2025-06-01 01:50:17"
    },
    {
        "ID_Produto": "939885",
        "Categoria_Scraping": "charcutaria",
        "Nome": "Salsicha Silesiana",
        "Marca": "Pingo Doce",
        "Preco": 4.84,
        "Unidade_Info": "0.4 Kg | 12,1 €/Kg",
        "Categorias_GTM": "Charcutaria, Salsichas, As Nossas Marcas, Pingo Doce, Categoria Referência SFCC",
        "Data_Coleta": "2025-06-01 01:50:17"
    },
    {
        "ID_Produto": "627760",
        "Categoria_Scraping": "charcutaria",
        "Nome": "Alheira de Caça",
        "Marca": "Eurofumeiro",
        "Preco": 2.34,
        "Unidade_Info": "0.2 Kg | 11,7 €/Kg",
        "Categorias_GTM": "Categoria Referência SFCC, Alheira e Farinheira, Charcutaria",
        "Data_Coleta": "2025-06-01 01:50:17"
    },
    {
        "ID_Produto": "882532",
        "Categoria_Scraping": "charcutaria",
        "Nome": "Alheira de Galinha e Pato",
        "Marca": "Eurofumeiro",
        "Preco": 2.1,
        "Unidade_Info": "0.2 Kg | 10,5 €/Kg",
        "Categorias_GTM": "Alheira e Farinheira, Charcutaria, Categoria Referência SFCC",
        "Data_Coleta": "2025-06-01 01:50:17"
    },
    {
        "ID_Produto": "823777",
        "Categoria_Scraping": "charcutaria",
        "Nome": "Alheira de Trás-os-Montes",
        "Marca": "Pingo Doce",
        "Preco": 1.29,
        "Unidade_Info": "0.2 Kg | 6,45 €/Kg",
        "Categorias_GTM": "As Nossas Marcas, Pingo Doce, Alheira e Farinheira, Charcutaria, Poupe Esta Semana",
        "Data_Coleta": "2025-06-01 01:50:17"
    },
    {
        "ID_Produto": "930119",
        "Categoria_Scraping": "charcutaria",
        "Nome": "Bacon Extra Fatiado Fumado",
        "Marca": "Pingo Doce",
        "Preco": 2.59,
        "Unidade_Info": "0.2 Kg | 12,95 €/Kg",
        "Categorias_GTM": "Bacon, Charcutaria, As Nossas Marcas, Pingo Doce, Categoria Referência SFCC",
        "Data_Coleta": "2025-06-01 01:50:17"
    },
    {
        "ID_Produto": "930118",
        "Categoria_Scraping": "charcutaria",
        "Nome": "Bacon Extra Naco Fumado",
        "Marca": "Pingo Doce",
        "Preco": 2.99,
        "Unidade_Info": "0.25 Kg | 11,96 €/Kg",
        "Categorias_GTM": "As Nossas Marcas, Pingo Doce, Bacon, Charcutaria, Categoria Referência SFCC",
        "Data_Coleta": "2025-06-01 01:50:17"
    },
    {
        "ID_Produto": "760044",
        "Categoria_Scraping": "charcutaria",
        "Nome": "Chouriço Corrente",
        "Marca": "Stec",
        "Preco": 5.99,
        "Unidade_Info": "1 Kg | 5,99 €/Kg",
        "Categorias_GTM": "Categoria Referência SFCC, Charcutaria, Chouriço e Chourição",
        "Data_Coleta": "2025-06-01 01:50:23"
    },
    {
        "ID_Produto": "872533",
        "Categoria_Scraping": "charcutaria",
        "Nome": "Chouriço de Carne Corrente",
        "Marca": "Porminho",
        "Preco": 1.99,
        "Unidade_Info": "0.2 Kg | 9,95 €/Kg",
        "Categorias_GTM": "Charcutaria, Chouriço e Chourição, Categoria Referência SFCC",
        "Data_Coleta": "2025-06-01 01:50:23"
    },
    {
        "ID_Produto": "979360",
        "Categoria_Scraping": "charcutaria",
        "Nome": "Chouriço de Carne Selecionado",
        "Marca": "Sel",
        "Preco": 3.49,
        "Unidade_Info": "0.2 Kg | 17,45 €/Kg",
        "Categorias_GTM": "Charcutaria, Chouriço e Chourição, Categoria Referência SFCC",
        "Data_Coleta": "2025-06-01 01:50:23"
    },
    {
        "ID_Produto": "753396",
        "Categoria_Scraping": "charcutaria",
        "Nome": "Fiambre da Perna Extra Fatias Finas Cuida-t+",
        "Marca": "Nobre",
        "Preco": 2.55,
        "Unidade_Info": "0.11 Kg | 23,18 €/Kg",
        "Categorias_GTM": "Categoria Referência SFCC, Charcutaria, Fiambre e Mortadela",
        "Data_Coleta": "2025-06-01 01:50:23"
    },
    {
        "ID_Produto": "574258",
        "Categoria_Scraping": "charcutaria",
        "Nome": "Fiambre da Perna Extra Fumado Fatiado",
        "Marca": "Pingo Doce",
        "Preco": 3.14,
        "Unidade_Info": "0.2 Kg | 15,7 €/Kg",
        "Categorias_GTM": "Categoria Referência SFCC, Charcutaria, Fiambre e Mortadela, As Nossas Marcas, Pingo Doce",
        "Data_Coleta": "2025-06-01 01:50:23"
    },
    {
        "ID_Produto": "842210",
        "Categoria_Scraping": "charcutaria",
        "Nome": "Fiambre Peito de Frango Fatias Finas Cuida-t+",
        "Marca": "Nobre",
        "Preco": 2.75,
        "Unidade_Info": "0.11 Kg | 25 €/Kg",
        "Categorias_GTM": "Categoria Referência SFCC, Charcutaria, Fiambre e Mortadela",
        "Data_Coleta": "2025-06-01 01:50:23"
    },
    {
        "ID_Produto": "628606",
        "Categoria_Scraping": "charcutaria",
        "Nome": "Fuet Extra",
        "Marca": "Pingo Doce",
        "Preco": 2.49,
        "Unidade_Info": "0.18 Kg | 13,83 €/Kg",
        "Categorias_GTM": "As Nossas Marcas, Pingo Doce, Categoria Referência SFCC, Charcutaria, Chouriço e Chourição",
        "Data_Coleta": "2025-06-01 01:50:23"
    },
    {
        "ID_Produto": "609396",
        "Categoria_Scraping": "charcutaria",
        "Nome": "Linguiça",
        "Marca": "Stec",
        "Preco": 2.05,
        "Unidade_Info": "0.18 Kg | 11,39 €/Kg",
        "Categorias_GTM": "Categoria Referência SFCC, Charcutaria, Outros Enchidos e Fumeiro",
        "Data_Coleta": "2025-06-01 01:50:23"
    },
    {
        "ID_Produto": "739885",
        "Categoria_Scraping": "charcutaria",
        "Nome": "Paio York da Pá Fatiado",
        "Marca": "Pingo Doce",
        "Preco": 1.69,
        "Unidade_Info": "0.2 Kg | 8,45 €/Kg",
        "Categorias_GTM": "As Nossas Marcas, Pingo Doce, Categoria Referência SFCC, Charcutaria, Outros Enchidos e Fumeiro",
        "Data_Coleta": "2025-06-01 01:50:23"
    },
    {
        "ID_Produto": "804013",
        "Categoria_Scraping": "charcutaria",
        "Nome": "Presunto da Beira Fatiado Baixa 9 Meses de Cura",
        "Marca": "Pingo Doce",
        "Preco": 2.99,
        "Unidade_Info": "0.15 Kg | 19,93 €/Kg",
        "Categorias_GTM": "As Nossas Marcas, Pingo Doce, Categoria Referência SFCC, Charcutaria, Presunto",
        "Data_Coleta": "2025-06-01 01:50:23"
    },
    {
        "ID_Produto": "876497",
        "Categoria_Scraping": "charcutaria",
        "Nome": "Presunto de Porco Preto Alentejano 24 Meses de Cura",
        "Marca": "Pingo Doce Iguarias",
        "Preco": 4.79,
        "Unidade_Info": "0.07 Kg | 68,43 €/Kg",
        "Categorias_GTM": "As Nossas Iguarias, As Nossas Marcas, Charcutaria, Presunto, Categoria Referência SFCC",
        "Data_Coleta": "2025-06-01 01:50:23"
    },
    {
        "ID_Produto": "739887",
        "Categoria_Scraping": "charcutaria",
        "Nome": "Presunto Fatiado 5 Meses de Cura",
        "Marca": "Pingo Doce",
        "Preco": 3.19,
        "Unidade_Info": "0.15 Kg | 21,27 €/Kg",
        "Categorias_GTM": "Categoria Referência SFCC, Charcutaria, Presunto, As Nossas Marcas, Pingo Doce",
        "Data_Coleta": "2025-06-01 01:50:23"
    },
    {
        "ID_Produto": "968967",
        "Categoria_Scraping": "charcutaria",
        "Nome": "Presunto Ibérico 30 Meses de Cura",
        "Marca": "Pingo Doce Iguarias",
        "Preco": 8.35,
        "Unidade_Info": "0.1 Kg | 83,5 €/Kg",
        "Categorias_GTM": "Charcutaria, Presunto, As Nossas Iguarias, As Nossas Marcas, Categoria Referência SFCC",
        "Data_Coleta": "2025-06-01 01:50:29"
    },
    {
        "ID_Produto": "887762",
        "Categoria_Scraping": "charcutaria",
        "Nome": "Presunto Natural Fatiado 14 Meses de Cura",
        "Marca": "Arroyo",
        "Preco": 4.69,
        "Unidade_Info": "0.15 Kg | 31,27 €/Kg",
        "Categorias_GTM": "Charcutaria, Presunto, Categoria Referência SFCC",
        "Data_Coleta": "2025-06-01 01:50:29"
    },
    {
        "ID_Produto": "662389",
        "Categoria_Scraping": "charcutaria",
        "Nome": "Presunto Serrano Fatiado 9 Meses de Cura",
        "Marca": "Pingo Doce",
        "Preco": 3.49,
        "Unidade_Info": "0.2 Kg | 17,45 €/Kg",
        "Categorias_GTM": "Categoria Referência SFCC, As Nossas Marcas, Pingo Doce, Charcutaria, Presunto",
        "Data_Coleta": "2025-06-01 01:50:29"
    },
    {
        "ID_Produto": "754104",
        "Categoria_Scraping": "charcutaria",
        "Nome": "Presunto Serrano Fatiado Gourmet Premium 14 Meses de Cura",
        "Marca": "Arroyo",
        "Preco": 3.99,
        "Unidade_Info": "0.15 Kg | 26,6 €/Kg",
        "Categorias_GTM": "Categoria Referência SFCC, Charcutaria, Presunto, Poupe Esta Semana, Promoções",
        "Data_Coleta": "2025-06-01 01:50:29"
    },
    {
        "ID_Produto": "876501",
        "Categoria_Scraping": "charcutaria",
        "Nome": "Presunto Serrano Gran Reserva 16 Meses de Cura",
        "Marca": "Pingo Doce Iguarias",
        "Preco": 3.19,
        "Unidade_Info": "0.1 Kg | 31,9 €/Kg",
        "Categorias_GTM": "As Nossas Iguarias, As Nossas Marcas, Charcutaria, Presunto, Categoria Referência SFCC",
        "Data_Coleta": "2025-06-01 01:50:29"
    },
    {
        "ID_Produto": "955784",
        "Categoria_Scraping": "charcutaria",
        "Nome": "Salmão Fumado Fatiado Noruega",
        "Marca": "Pingo Doce",
        "Preco": 5.99,
        "Unidade_Info": "0.2 Kg | 29,95 €/Kg",
        "Categorias_GTM": "As Nossas Marcas, Pingo Doce, Categoria Referência SFCC, Charcutaria, Fumados de Peixe e Especialidades",
        "Data_Coleta": "2025-06-01 01:50:29"
    },
    {
        "ID_Produto": "878104",
        "Categoria_Scraping": "charcutaria",
        "Nome": "Salsicha de Churrasco",
        "Marca": "Sorraia",
        "Preco": 2.89,
        "Unidade_Info": "0.36 Kg | 8,03 €/Kg",
        "Categorias_GTM": "Charcutaria, Salsichas, Categoria Referência SFCC",
        "Data_Coleta": "2025-06-01 01:50:29"
    },
    {
        "ID_Produto": "930117",
        "Categoria_Scraping": "charcutaria",
        "Nome": "Bacon Fumado Extra Metade Fatiado ao Balcão",
        "Marca": "Pingo Doce",
        "Preco": 12.99,
        "Unidade_Info": "0.5 Kg",
        "Categorias_GTM": "Charcutaria, Chouriço e Chourição, As Nossas Marcas, Pingo Doce, Categoria Referência SFCC",
        "Data_Coleta": "2025-06-01 01:50:29"
    },
    {
        "ID_Produto": "975488",
        "Categoria_Scraping": "charcutaria",
        "Nome": "Lombo de Porco Fumado",
        "Marca": "Pingo Doce",
        "Preco": 2.5,
        "Unidade_Info": "0.1 Kg | 25 €/Kg",
        "Categorias_GTM": "As Nossas Marcas, Pingo Doce, Charcutaria, Outros Enchidos e Fumeiro, Categoria Referência SFCC",
        "Data_Coleta": "2025-06-01 01:50:29"
    },
    {
        "ID_Produto": "936588",
        "Categoria_Scraping": "charcutaria",
        "Nome": "Morcela Assar da Beira Baixa Fundão",
        "Marca": "Pingo Doce",
        "Preco": 2.25,
        "Unidade_Info": "0.22 Kg | 10,23 €/Kg",
        "Categorias_GTM": "Charcutaria, Outros Enchidos e Fumeiro, As Nossas Marcas, Pingo Doce, Categoria Referência SFCC",
        "Data_Coleta": "2025-06-01 01:50:29"
    },
    {
        "ID_Produto": "666736",
        "Categoria_Scraping": "charcutaria",
        "Nome": "Mortadela com Azeitonas Fatiada",
        "Marca": "Pingo Doce",
        "Preco": 0.99,
        "Unidade_Info": "0.2 Kg | 4,95 €/Kg",
        "Categorias_GTM": "As Nossas Marcas, Pingo Doce, Categoria Referência SFCC, Charcutaria, Fiambre e Mortadela",
        "Data_Coleta": "2025-06-01 01:50:29"
    },
    {
        "ID_Produto": "666735",
        "Categoria_Scraping": "charcutaria",
        "Nome": "Mortadela Fatiada",
        "Marca": "Pingo Doce",
        "Preco": 0.99,
        "Unidade_Info": "0.2 Kg | 4,95 €/Kg",
        "Categorias_GTM": "As Nossas Marcas, Pingo Doce, Categoria Referência SFCC, Charcutaria, Fiambre e Mortadela",
        "Data_Coleta": "2025-06-01 01:50:29"
    },
    {
        "ID_Produto": "933475",
        "Categoria_Scraping": "charcutaria",
        "Nome": "Mousse de Pato com Pimenta Preta",
        "Marca": "Pingo Doce",
        "Preco": 1.49,
        "Unidade_Info": "0.08 Kg | 18,63 €/Kg",
        "Categorias_GTM": "Pingo Doce, As Nossas Marcas, Categoria Referência SFCC, Charcutaria, Fumados de Peixe e Especialidades",
        "Data_Coleta": "2025-06-01 01:50:34"
    },
    {
        "ID_Produto": "936396",
        "Categoria_Scraping": "charcutaria",
        "Nome": "Painho Inteiro Alentejano",
        "Marca": "Pingo Doce",
        "Preco": 5.2,
        "Unidade_Info": "0.24 Kg | 21,67 €/Kg",
        "Categorias_GTM": "As Nossas Marcas, Pingo Doce, Categoria Referência SFCC, Charcutaria, Outros Enchidos e Fumeiro",
        "Data_Coleta": "2025-06-01 01:50:34"
    },
    {
        "ID_Produto": "964215",
        "Categoria_Scraping": "charcutaria",
        "Nome": "Painho Porco Preto Inteiro",
        "Marca": "Pingo Doce Iguarias",
        "Preco": 6.01,
        "Unidade_Info": "0.25 Kg | 24,04 €/Kg",
        "Categorias_GTM": "As Nossas Iguarias, As Nossas Marcas, Charcutaria, Outros Enchidos e Fumeiro, Categoria Referência SFCC",
        "Data_Coleta": "2025-06-01 01:50:34"
    },
    {
        "ID_Produto": "739883",
        "Categoria_Scraping": "charcutaria",
        "Nome": "Paio do Lombo Fatiado",
        "Marca": "Pingo Doce",
        "Preco": 3.09,
        "Unidade_Info": "0.2 Kg | 15,45 €/Kg",
        "Categorias_GTM": "Categoria Referência SFCC, Charcutaria, Outros Enchidos e Fumeiro, As Nossas Marcas, Pingo Doce",
        "Data_Coleta": "2025-06-01 01:50:34"
    },
    {
        "ID_Produto": "876498",
        "Categoria_Scraping": "charcutaria",
        "Nome": "Paio do Lombo Porco Preto Alentejano",
        "Marca": "Pingo Doce Iguarias",
        "Preco": 4.69,
        "Unidade_Info": "0.07 Kg | 67 €/Kg",
        "Categorias_GTM": "Charcutaria, Outros Enchidos e Fumeiro, As Nossas Iguarias, As Nossas Marcas, Categoria Referência SFCC",
        "Data_Coleta": "2025-06-01 01:50:34"
    },
    {
        "ID_Produto": "936423",
        "Categoria_Scraping": "charcutaria",
        "Nome": "Paio Porco Preto Alentejano",
        "Marca": "Pingo Doce Iguarias",
        "Preco": 2.91,
        "Unidade_Info": "0.08 Kg | 36,38 €/Kg",
        "Categorias_GTM": "Charcutaria, Outros Enchidos e Fumeiro, As Nossas Iguarias, As Nossas Marcas, Categoria Referência SFCC",
        "Data_Coleta": "2025-06-01 01:50:34"
    },
    {
        "ID_Produto": "463832",
        "Categoria_Scraping": "charcutaria",
        "Nome": "Paio York da Pá Fatiado",
        "Marca": "Pingo Doce",
        "Preco": 11.49,
        "Unidade_Info": "0.2 Kg",
        "Categorias_GTM": "Categoria Referência SFCC, Charcutaria, Chouriço e Chourição, As Nossas Marcas, Pingo Doce",
        "Data_Coleta": "2025-06-01 01:50:34"
    },
    {
        "ID_Produto": "802002",
        "Categoria_Scraping": "charcutaria",
        "Nome": "Presunto da Beira Baixa 9 Meses de Cura",
        "Marca": "Pingo Doce",
        "Preco": 5.49,
        "Unidade_Info": "0.35 Kg | 15,69 €/Kg",
        "Categorias_GTM": "As Nossas Marcas, Pingo Doce, Categoria Referência SFCC, Charcutaria, Presunto",
        "Data_Coleta": "2025-06-01 01:50:34"
    },
    {
        "ID_Produto": "936589",
        "Categoria_Scraping": "charcutaria",
        "Nome": "Presunto Serrano Reserva 12 Meses de Cura",
        "Marca": "Pingo Doce",
        "Preco": 3.49,
        "Unidade_Info": "0.12 Kg | 29,08 €/Kg",
        "Categorias_GTM": "Charcutaria, Presunto, Categoria Referência SFCC, As Nossas Marcas, Pingo Doce",
        "Data_Coleta": "2025-06-01 01:50:34"
    },
    {
        "ID_Produto": "739882",
        "Categoria_Scraping": "charcutaria",
        "Nome": "Salame Fatiado",
        "Marca": "Pingo Doce",
        "Preco": 2.09,
        "Unidade_Info": "0.2 Kg | 10,45 €/Kg",
        "Categorias_GTM": "Charcutaria, Outros Enchidos e Fumeiro, As Nossas Marcas, Pingo Doce, Categoria Referência SFCC",
        "Data_Coleta": "2025-06-01 01:50:34"
    },
    {
        "ID_Produto": "570171",
        "Categoria_Scraping": "charcutaria",
        "Nome": "Salpicão da Beira Litoral Arganil",
        "Marca": "Pingo Doce",
        "Preco": 5.09,
        "Unidade_Info": "0.39 Kg | 13,05 €/Kg",
        "Categorias_GTM": "As Nossas Marcas, Pingo Doce, Categoria Referência SFCC, Charcutaria, Outros Enchidos e Fumeiro",
        "Data_Coleta": "2025-06-01 01:50:34"
    },
    {
        "ID_Produto": "763554",
        "Categoria_Scraping": "charcutaria",
        "Nome": "Salsichas de Churrasco",
        "Marca": "Pingo Doce",
        "Preco": 1.79,
        "Unidade_Info": "0.25 Kg | 7,16 €/Kg",
        "Categorias_GTM": "Categoria Referência SFCC, Charcutaria, Salsichas, As Nossas Marcas, Pingo Doce",
        "Data_Coleta": "2025-06-01 01:50:34"
    },
    {
        "ID_Produto": "763553",
        "Categoria_Scraping": "charcutaria",
        "Nome": "Salsichas  de Churrasco Picante",
        "Marca": "Pingo Doce",
        "Preco": 1.79,
        "Unidade_Info": "0.25 Kg | 7,16 €/Kg",
        "Categorias_GTM": "Categoria Referência SFCC, As Nossas Marcas, Pingo Doce, Charcutaria, Salsichas",
        "Data_Coleta": "2025-06-01 01:50:40"
    },
    {
        "ID_Produto": "876500",
        "Categoria_Scraping": "charcutaria",
        "Nome": "Sortido Fatiado Porco Preto",
        "Marca": "Pingo Doce Iguarias",
        "Preco": 3.63,
        "Unidade_Info": "0.08 Kg | 45,38 €/Kg",
        "Categorias_GTM": "Charcutaria, Fumados de Peixe e Especialidades, As Nossas Iguarias, As Nossas Marcas, Categoria Referência SFCC",
        "Data_Coleta": "2025-06-01 01:50:40"
    },
    {
        "ID_Produto": "967882",
        "Categoria_Scraping": "charcutaria",
        "Nome": "Bacon Extra Fatiado",
        "Marca": "Terras do Demo",
        "Preco": 2.49,
        "Unidade_Info": "0.15 Kg | 16,6 €/Kg",
        "Categorias_GTM": "Bacon, Charcutaria, Categoria Referência SFCC",
        "Data_Coleta": "2025-06-01 01:50:40"
    },
    {
        "ID_Produto": "948206",
        "Categoria_Scraping": "charcutaria",
        "Nome": "Bacon Inglês Fatiado",
        "Marca": "Primor",
        "Preco": 2.99,
        "Unidade_Info": "0.15 Kg | 19,93 €/Kg",
        "Categorias_GTM": "Bacon, Charcutaria, Categoria Referência SFCC",
        "Data_Coleta": "2025-06-01 01:50:40"
    },
    {
        "ID_Produto": "762267",
        "Categoria_Scraping": "charcutaria",
        "Nome": "Bacon Naco sem Courato",
        "Marca": "Porminho",
        "Preco": 14.99,
        "Unidade_Info": "0.2 Kg",
        "Categorias_GTM": "Bacon, Charcutaria, Categoria Referência SFCC",
        "Data_Coleta": "2025-06-01 01:50:40"
    },
    {
        "ID_Produto": "673508",
        "Categoria_Scraping": "charcutaria",
        "Nome": "Bacon sem Courato Naco",
        "Marca": "Primor",
        "Preco": 3.79,
        "Unidade_Info": "0.2 Kg | 18,95 €/Kg",
        "Categorias_GTM": "Categoria Referência SFCC, Bacon, Charcutaria",
        "Data_Coleta": "2025-06-01 01:50:40"
    },
    {
        "ID_Produto": "849069",
        "Categoria_Scraping": "charcutaria",
        "Nome": "Barriga Fumada",
        "Marca": "Prisca",
        "Preco": 3.85,
        "Unidade_Info": "0.15 Kg | 25,67 €/Kg",
        "Categorias_GTM": "Categoria Referência SFCC, Bacon, Charcutaria",
        "Data_Coleta": "2025-06-01 01:50:40"
    },
    {
        "ID_Produto": "609395",
        "Categoria_Scraping": "charcutaria",
        "Nome": "Cabeça de Porco sem Osso Fumada",
        "Marca": "Stec",
        "Preco": 6.59,
        "Unidade_Info": "0.9 Kg",
        "Categorias_GTM": "Categoria Referência SFCC, Charcutaria, Fumados de Peixe e Especialidades",
        "Data_Coleta": "2025-06-01 01:50:40"
    },
    {
        "ID_Produto": "875032",
        "Categoria_Scraping": "charcutaria",
        "Nome": "Cachaço de Porco Fatiado",
        "Marca": "Artysan",
        "Preco": 3.19,
        "Unidade_Info": "0.1 Kg | 31,9 €/Kg",
        "Categorias_GTM": "Categoria Referência SFCC, Charcutaria, Fumados de Peixe e Especialidades, Poupe Esta Semana, Promoções",
        "Data_Coleta": "2025-06-01 01:50:40"
    },
    {
        "ID_Produto": "735545",
        "Categoria_Scraping": "charcutaria",
        "Nome": "Chourição Castelhano",
        "Marca": "Damatta",
        "Preco": 23.99,
        "Unidade_Info": "0.2 Kg",
        "Categorias_GTM": "Categoria Referência SFCC, Charcutaria, Chouriço e Chourição",
        "Data_Coleta": "2025-06-01 01:50:40"
    },
    {
        "ID_Produto": "756615",
        "Categoria_Scraping": "charcutaria",
        "Nome": "Chourição Fatiado",
        "Marca": "Porminho",
        "Preco": 2.49,
        "Unidade_Info": "0.15 Kg | 16,6 €/Kg",
        "Categorias_GTM": "Categoria Referência SFCC, Charcutaria, Chouriço e Chourição",
        "Data_Coleta": "2025-06-01 01:50:40"
    },
    {
        "ID_Produto": "812749",
        "Categoria_Scraping": "charcutaria",
        "Nome": "Chourição Fatiado Extra",
        "Marca": "Porminho",
        "Preco": 1.49,
        "Unidade_Info": "0.08 Kg | 18,63 €/Kg",
        "Categorias_GTM": "Categoria Referência SFCC, Charcutaria, Chouriço e Chourição",
        "Data_Coleta": "2025-06-01 01:50:40"
    },
    {
        "ID_Produto": "656191",
        "Categoria_Scraping": "charcutaria",
        "Nome": "Chouriço de Carne de Porco",
        "Marca": "Miguel & Miguel",
        "Preco": 3.49,
        "Unidade_Info": "0.2 Kg | 17,45 €/Kg",
        "Categorias_GTM": "Categoria Referência SFCC, Charcutaria, Chouriço e Chourição",
        "Data_Coleta": "2025-06-01 01:50:46"
    },
    {
        "ID_Produto": "609424",
        "Categoria_Scraping": "charcutaria",
        "Nome": "Chouriço de Vinho",
        "Marca": "Stec",
        "Preco": 2.75,
        "Unidade_Info": "0.2 Kg | 13,75 €/Kg",
        "Categorias_GTM": "Categoria Referência SFCC, Charcutaria, Chouriço e Chourição",
        "Data_Coleta": "2025-06-01 01:50:46"
    },
    {
        "ID_Produto": "855343",
        "Categoria_Scraping": "charcutaria",
        "Nome": "Chouriço Extra",
        "Marca": "Stec",
        "Preco": 2.55,
        "Unidade_Info": "0.2 Kg | 12,75 €/Kg",
        "Categorias_GTM": "Charcutaria, Chouriço e Chourição, Categoria Referência SFCC",
        "Data_Coleta": "2025-06-01 01:50:46"
    },
    {
        "ID_Produto": "973048",
        "Categoria_Scraping": "charcutaria",
        "Nome": "Chouriço Extra",
        "Marca": "Terras do Demo",
        "Preco": 1.49,
        "Unidade_Info": "0.2 Kg | 7,45 €/Kg",
        "Categorias_GTM": "Charcutaria, Chouriço e Chourição, Categoria Referência SFCC",
        "Data_Coleta": "2025-06-01 01:50:46"
    },
    {
        "ID_Produto": "904291",
        "Categoria_Scraping": "charcutaria",
        "Nome": "Chouriço Fatiado",
        "Marca": "ElPozo",
        "Preco": 2.49,
        "Unidade_Info": "0.07 Kg | 35,57 €/Kg",
        "Categorias_GTM": "Charcutaria, Chouriço e Chourição, Categoria Referência SFCC",
        "Data_Coleta": "2025-06-01 01:50:46"
    },
    {
        "ID_Produto": "803888",
        "Categoria_Scraping": "charcutaria",
        "Nome": "Chouriço Tradicional",
        "Marca": "Fumeiros da Guarda",
        "Preco": 2.99,
        "Unidade_Info": "0.2 Kg | 14,95 €/Kg",
        "Categorias_GTM": "Categoria Referência SFCC, Charcutaria, Chouriço e Chourição",
        "Data_Coleta": "2025-06-01 01:50:46"
    },
    {
        "ID_Produto": "840040",
        "Categoria_Scraping": "charcutaria",
        "Nome": "Chouriço Tradicional",
        "Marca": "Fumeiro do Lavrador",
        "Preco": 3.39,
        "Unidade_Info": "0.25 Kg | 13,56 €/Kg",
        "Categorias_GTM": "Charcutaria, Chouriço e Chourição, Categoria Referência SFCC",
        "Data_Coleta": "2025-06-01 01:50:46"
    },
    {
        "ID_Produto": "977980",
        "Categoria_Scraping": "charcutaria",
        "Nome": "Fambre de Peito de Peru Fatias Finas",
        "Marca": "Izidoro",
        "Preco": 2.29,
        "Unidade_Info": "0.12 Kg | 19,08 €/Kg",
        "Categorias_GTM": "Charcutaria, Fiambre e Mortadela, Categoria Referência SFCC",
        "Data_Coleta": "2025-06-01 01:50:46"
    },
    {
        "ID_Produto": "989982",
        "Categoria_Scraping": "charcutaria",
        "Nome": "Farinheira do Fundão",
        "Marca": "Pingo Doce",
        "Preco": 1.99,
        "Unidade_Info": "0.2 Kg | 9,95 €/Kg",
        "Categorias_GTM": "As Nossas Marcas, Pingo Doce, Alheira e Farinheira, Charcutaria, Categoria Referência SFCC",
        "Data_Coleta": "2025-06-01 01:50:46"
    },
    {
        "ID_Produto": "733573",
        "Categoria_Scraping": "charcutaria",
        "Nome": "Fiambre da Perna Extra Fatias",
        "Marca": "Nobre",
        "Preco": 1.99,
        "Unidade_Info": "0.12 Kg | 16,58 €/Kg",
        "Categorias_GTM": "Categoria Referência SFCC, Charcutaria, Fiambre e Mortadela, Poupe Esta Semana, Promoções",
        "Data_Coleta": "2025-06-01 01:50:46"
    },
    {
        "ID_Produto": "609342",
        "Categoria_Scraping": "charcutaria",
        "Nome": "Linguiça Picante",
        "Marca": "Stec",
        "Preco": 2.05,
        "Unidade_Info": "0.18 Kg | 11,39 €/Kg",
        "Categorias_GTM": "Categoria Referência SFCC, Charcutaria, Outros Enchidos e Fumeiro",
        "Data_Coleta": "2025-06-01 01:50:46"
    },
    {
        "ID_Produto": "875011",
        "Categoria_Scraping": "charcutaria",
        "Nome": "Lombo de Porco Duroc Fatiado",
        "Marca": "Artysan",
        "Preco": 2.99,
        "Unidade_Info": "0.1 Kg | 29,9 €/Kg",
        "Categorias_GTM": "Categoria Referência SFCC, Charcutaria, Outros Enchidos e Fumeiro, Poupe Este Fim De Semana, Poupe Esta Semana",
        "Data_Coleta": "2025-06-01 01:50:46"
    },
    {
        "ID_Produto": "834811",
        "Categoria_Scraping": "charcutaria",
        "Nome": "Morcela Selecionada",
        "Marca": "Sel",
        "Preco": 3.65,
        "Unidade_Info": "0.25 Kg | 14,6 €/Kg",
        "Categorias_GTM": "Charcutaria, Outros Enchidos e Fumeiro, Categoria Referência SFCC",
        "Data_Coleta": "2025-06-01 01:50:52"
    },
    {
        "ID_Produto": "821493",
        "Categoria_Scraping": "charcutaria",
        "Nome": "Mortadela de Peru com Azeitona Fatias",
        "Marca": "Campofrio",
        "Preco": 2.19,
        "Unidade_Info": "0.14 Kg | 15,64 €/Kg",
        "Categorias_GTM": "Charcutaria, Fiambre e Mortadela, Categoria Referência SFCC",
        "Data_Coleta": "2025-06-01 01:50:52"
    },
    {
        "ID_Produto": "558910",
        "Categoria_Scraping": "charcutaria",
        "Nome": "Mortadela de Peru com Azeitonas Fatiada ao Balcão",
        "Marca": "Campofrio",
        "Preco": 7.59,
        "Unidade_Info": "0.2 Kg",
        "Categorias_GTM": "Categoria Referência SFCC, Charcutaria, Fiambre e Mortadela, Poupe Esta Semana, Promoções",
        "Data_Coleta": "2025-06-01 01:50:52"
    },
    {
        "ID_Produto": "505795",
        "Categoria_Scraping": "charcutaria",
        "Nome": "Mortadela de Peru Fatiada ao Balcão",
        "Marca": "Campofrio",
        "Preco": 7.59,
        "Unidade_Info": "0.2 Kg",
        "Categorias_GTM": "Categoria Referência SFCC, Charcutaria, Fiambre e Mortadela, Poupe Este Fim De Semana, Poupe Esta Semana",
        "Data_Coleta": "2025-06-01 01:50:52"
    },
    {
        "ID_Produto": "821492",
        "Categoria_Scraping": "charcutaria",
        "Nome": "Mortadela de Peru Fatias",
        "Marca": "Campofrio",
        "Preco": 2.19,
        "Unidade_Info": "0.14 Kg | 15,64 €/Kg",
        "Categorias_GTM": "Charcutaria, Fiambre e Mortadela, Categoria Referência SFCC",
        "Data_Coleta": "2025-06-01 01:50:52"
    },
    {
        "ID_Produto": "775445",
        "Categoria_Scraping": "charcutaria",
        "Nome": "Paio do Lombo",
        "Marca": "Pingo Doce",
        "Preco": 12.89,
        "Unidade_Info": "0.2 Kg",
        "Categorias_GTM": "As Nossas Marcas, Pingo Doce, Charcutaria, Outros Enchidos e Fumeiro, Categoria Referência SFCC",
        "Data_Coleta": "2025-06-01 01:50:52"
    },
    {
        "ID_Produto": "762282",
        "Categoria_Scraping": "charcutaria",
        "Nome": "Paio York Fatiado",
        "Marca": "Porminho",
        "Preco": 1.79,
        "Unidade_Info": "0.15 Kg | 11,93 €/Kg",
        "Categorias_GTM": "Charcutaria, Outros Enchidos e Fumeiro, Categoria Referência SFCC, Poupe Este Fim De Semana, Poupe Esta Semana",
        "Data_Coleta": "2025-06-01 01:50:52"
    },
    {
        "ID_Produto": "856745",
        "Categoria_Scraping": "charcutaria",
        "Nome": "Patê de Pato com Pimenta",
        "Marca": "Capdevila",
        "Preco": 1.19,
        "Unidade_Info": "0.055 Kg | 21,64 €/Kg",
        "Categorias_GTM": "Charcutaria, Fumados de Peixe e Especialidades, Categoria Referência SFCC",
        "Data_Coleta": "2025-06-01 01:50:52"
    },
    {
        "ID_Produto": "856710",
        "Categoria_Scraping": "charcutaria",
        "Nome": "Patê de Pato com Vinho do Porto",
        "Marca": "Capdevila",
        "Preco": 1.19,
        "Unidade_Info": "0.055 Kg | 21,64 €/Kg",
        "Categorias_GTM": "Charcutaria, Fumados de Peixe e Especialidades, Categoria Referência SFCC",
        "Data_Coleta": "2025-06-01 01:50:52"
    },
    {
        "ID_Produto": "609394",
        "Categoria_Scraping": "charcutaria",
        "Nome": "Pernil Fumado Inteiro",
        "Marca": "Stec",
        "Preco": 6.59,
        "Unidade_Info": "1.15 Kg",
        "Categorias_GTM": "Categoria Referência SFCC, Charcutaria, Fumados de Peixe e Especialidades",
        "Data_Coleta": "2025-06-01 01:50:52"
    },
    {
        "ID_Produto": "733081",
        "Categoria_Scraping": "charcutaria",
        "Nome": "Presunto do Fundão Fatiado 5 Meses de Cura",
        "Marca": "Fumeiro da Gardunha",
        "Preco": 3.45,
        "Unidade_Info": "0.2 Kg | 17,25 €/Kg",
        "Categorias_GTM": "Categoria Referência SFCC, Charcutaria, Presunto, Poupe Esta Semana, Promoções",
        "Data_Coleta": "2025-06-01 01:50:52"
    },
    {
        "ID_Produto": "704922",
        "Categoria_Scraping": "charcutaria",
        "Nome": "Presunto em Naco 9 Meses de Cura",
        "Marca": "Lourenço",
        "Preco": 7.99,
        "Unidade_Info": "0.45 Kg | 17,76 €/Kg",
        "Categorias_GTM": "Poupe Esta Semana, Promoções, Categoria Referência SFCC, Charcutaria, Presunto",
        "Data_Coleta": "2025-06-01 01:50:52"
    },
    {
        "ID_Produto": "909529",
        "Categoria_Scraping": "charcutaria",
        "Nome": "Presunto Fatiado 10 Meses de Cura",
        "Marca": "Negrini",
        "Preco": 3.65,
        "Unidade_Info": "0.08 Kg | 45,63 €/Kg",
        "Categorias_GTM": "Charcutaria, Presunto, Categoria Referência SFCC",
        "Data_Coleta": "2025-06-01 01:50:58"
    },
    {
        "ID_Produto": "701060",
        "Categoria_Scraping": "charcutaria",
        "Nome": "Presunto Fatiado 9 Meses de Cura",
        "Marca": "Fumeiro da Gardunha",
        "Preco": 3.25,
        "Unidade_Info": "0.15 Kg | 21,67 €/Kg",
        "Categorias_GTM": "Categoria Referência SFCC, Presunto, Charcutaria",
        "Data_Coleta": "2025-06-01 01:50:58"
    },
    {
        "ID_Produto": "868858",
        "Categoria_Scraping": "charcutaria",
        "Nome": "Presunto Fatiado Grande Reserva 16 Meses de Cura",
        "Marca": "Artysan",
        "Preco": 3.29,
        "Unidade_Info": "0.1 Kg | 32,9 €/Kg",
        "Categorias_GTM": "Categoria Referência SFCC, Charcutaria, Presunto, Poupe Este Fim De Semana, Poupe Esta Semana",
        "Data_Coleta": "2025-06-01 01:50:58"
    },
    {
        "ID_Produto": "741173",
        "Categoria_Scraping": "charcutaria",
        "Nome": "Presunto Serrano 12 Meses de Cura",
        "Marca": "Arroyo",
        "Preco": 3.89,
        "Unidade_Info": "0.18 Kg | 21,61 €/Kg",
        "Categorias_GTM": "Charcutaria, Presunto, Categoria Referência SFCC, Poupe Este Fim De Semana, Poupe Esta Semana",
        "Data_Coleta": "2025-06-01 01:50:58"
    },
    {
        "ID_Produto": "827232",
        "Categoria_Scraping": "charcutaria",
        "Nome": "Presunto Serrano Jamones Fatiado 9 Meses de Cura",
        "Marca": "Arroyo",
        "Preco": 6.79,
        "Unidade_Info": "0.3 Kg | 22,63 €/Kg",
        "Categorias_GTM": "Categoria Referência SFCC, Charcutaria, Presunto",
        "Data_Coleta": "2025-06-01 01:50:58"
    },
    {
        "ID_Produto": "831517",
        "Categoria_Scraping": "charcutaria",
        "Nome": "Presunto Tapas Fatiado 9 Meses de Cura",
        "Marca": "Lourenço",
        "Preco": 2.15,
        "Unidade_Info": "0.06 Kg | 35,83 €/Kg",
        "Categorias_GTM": "Categoria Referência SFCC, Charcutaria, Presunto",
        "Data_Coleta": "2025-06-01 01:50:58"
    },
    {
        "ID_Produto": "845625",
        "Categoria_Scraping": "charcutaria",
        "Nome": "Presunto Tapas Fatiado 9 Meses de Cura",
        "Marca": "Lourenço",
        "Preco": 5.99,
        "Unidade_Info": "0.25 Kg | 23,96 €/Kg",
        "Categorias_GTM": "Categoria Referência SFCC, Charcutaria, Presunto",
        "Data_Coleta": "2025-06-01 01:50:58"
    },
    {
        "ID_Produto": "904293",
        "Categoria_Scraping": "charcutaria",
        "Nome": "Salame Fatiado",
        "Marca": "ElPozo",
        "Preco": 2.49,
        "Unidade_Info": "0.07 Kg | 35,57 €/Kg",
        "Categorias_GTM": "Charcutaria, Outros Enchidos e Fumeiro, Categoria Referência SFCC",
        "Data_Coleta": "2025-06-01 01:50:58"
    },
    {
        "ID_Produto": "812754",
        "Categoria_Scraping": "charcutaria",
        "Nome": "Salame Fatiado",
        "Marca": "Porminho",
        "Preco": 1.49,
        "Unidade_Info": "0.08 Kg | 18,63 €/Kg",
        "Categorias_GTM": "Categoria Referência SFCC, Charcutaria, Outros Enchidos e Fumeiro",
        "Data_Coleta": "2025-06-01 01:50:58"
    },
    {
        "ID_Produto": "909573",
        "Categoria_Scraping": "charcutaria",
        "Nome": "Salame Milano Fatiado",
        "Marca": "Negrini",
        "Preco": 3.39,
        "Unidade_Info": "0.08 Kg | 42,38 €/Kg",
        "Categorias_GTM": "Charcutaria, Outros Enchidos e Fumeiro, Categoria Referência SFCC",
        "Data_Coleta": "2025-06-01 01:50:58"
    },
    {
        "ID_Produto": "955783",
        "Categoria_Scraping": "charcutaria",
        "Nome": "Salmão Fumado Fatiado Noruega",
        "Marca": "Pingo Doce",
        "Preco": 3.69,
        "Unidade_Info": "0.1 Kg | 36,9 €/Kg",
        "Categorias_GTM": "Categoria Referência SFCC, As Nossas Marcas, Pingo Doce, Charcutaria, Fumados de Peixe e Especialidades",
        "Data_Coleta": "2025-06-01 01:50:58"
    },
    {
        "ID_Produto": "892201",
        "Categoria_Scraping": "charcutaria",
        "Nome": "Salsicha de Churrasco Aves XL",
        "Marca": "Sorraia",
        "Preco": 2.99,
        "Unidade_Info": "0.36 Kg | 8,31 €/Kg",
        "Categorias_GTM": "Categoria Referência SFCC, Charcutaria, Salsichas",
        "Data_Coleta": "2025-06-01 01:50:58"
    },
    {
        "ID_Produto": "904292",
        "Categoria_Scraping": "charcutaria",
        "Nome": "Salsichão Fatiado",
        "Marca": "ElPozo",
        "Preco": 2.49,
        "Unidade_Info": "0.07 Kg | 35,57 €/Kg",
        "Categorias_GTM": "Charcutaria, Chouriço e Chourição, Categoria Referência SFCC",
        "Data_Coleta": "2025-06-01 01:51:05"
    },
    {
        "ID_Produto": "104921",
        "Categoria_Scraping": "charcutaria",
        "Nome": "Salsichão Montanhes Fatiado ao Balcão",
        "Marca": "ElPozo",
        "Preco": 18.95,
        "Unidade_Info": "0.2 Kg",
        "Categorias_GTM": "Charcutaria, Chouriço e Chourição, Categoria Referência SFCC, Poupe Esta Semana, Promoções",
        "Data_Coleta": "2025-06-01 01:51:05"
    },
    {
        "ID_Produto": "963233",
        "Categoria_Scraping": "charcutaria",
        "Nome": "Torresmos Extra",
        "Marca": "Stec",
        "Preco": 1.99,
        "Unidade_Info": "0.15 Kg | 13,27 €/Kg",
        "Categorias_GTM": "Charcutaria, Fumados de Peixe e Especialidades, Categoria Referência SFCC",
        "Data_Coleta": "2025-06-01 01:51:05"
    },
    {
        "ID_Produto": "542890",
        "Categoria_Scraping": "congelados",
        "Nome": "Bacalhau Desfiado Congelado",
        "Marca": "Pingo Doce",
        "Preco": 6.79,
        "Unidade_Info": "0.5 Kg | 13,58 €/Kg",
        "Categorias_GTM": "Categoria Referência SFCC, Bacalhau, Congelados, Peixe, As Nossas Marcas",
        "Data_Coleta": "2025-06-01 01:51:45"
    },
    {
        "ID_Produto": "948618",
        "Categoria_Scraping": "congelados",
        "Nome": "Lombos de Bacalhau Congelados",
        "Marca": "Pingo Doce",
        "Preco": 16.49,
        "Unidade_Info": "0.8 Kg | 20,61 €/Kg",
        "Categorias_GTM": "Bacalhau, Congelados, Peixe, Categoria Referência SFCC, As Nossas Marcas",
        "Data_Coleta": "2025-06-01 01:51:45"
    },
    {
        "ID_Produto": "889842",
        "Categoria_Scraping": "congelados",
        "Nome": "Lombos de Bacalhau Congelados",
        "Marca": "Pascoal",
        "Preco": 16.19,
        "Unidade_Info": "0.7 Kg | 23,13 €/Kg",
        "Categorias_GTM": "Promoções, Poupe Esta Semana, Categoria Referência SFCC, Bacalhau, Congelados",
        "Data_Coleta": "2025-06-01 01:51:45"
    },
    {
        "ID_Produto": "953810",
        "Categoria_Scraping": "congelados",
        "Nome": "Medalhões de Salmão Congelado",
        "Marca": "Pescanova",
        "Preco": 11.69,
        "Unidade_Info": "0.4 Kg | 29,23 €/Kg",
        "Categorias_GTM": "Categoria Referência SFCC, Poupe Esta Semana, Promoções, Congelados, Peixe",
        "Data_Coleta": "2025-06-01 01:51:45"
    },
    {
        "ID_Produto": "825471",
        "Categoria_Scraping": "congelados",
        "Nome": "Tranches de Salmão Selvagem Congeladas",
        "Marca": "Iglo",
        "Preco": 12.99,
        "Unidade_Info": "0.44 Kg | 29,52 €/Kg",
        "Categorias_GTM": "Categoria Referência SFCC, Congelados, Peixe, Postas, Filetes e Medalhões, Poupe Esta Semana",
        "Data_Coleta": "2025-06-01 01:51:45"
    },
    {
        "ID_Produto": "952408",
        "Categoria_Scraping": "congelados",
        "Nome": "Bacalhau Desfiado Congelado",
        "Marca": "Pescanova",
        "Preco": 9.99,
        "Unidade_Info": "0.85 Kg | 11,75 €/Kg",
        "Categorias_GTM": "Bacalhau, Congelados, Peixe, Categoria Referência SFCC, Poupe Esta Semana",
        "Data_Coleta": "2025-06-01 01:51:45"
    },
    {
        "ID_Produto": "904713",
        "Categoria_Scraping": "congelados",
        "Nome": "Batatas Pré-Fritas Palitos",
        "Marca": "Pingo Doce",
        "Preco": 4.49,
        "Unidade_Info": "2.5 Kg | 1,8 €/Kg",
        "Categorias_GTM": "As Nossas Marcas, Pingo Doce, Batatas, Congelados, Frutas e Vegetais",
        "Data_Coleta": "2025-06-01 01:51:45"
    },
    {
        "ID_Produto": "321375",
        "Categoria_Scraping": "congelados",
        "Nome": "Brócolos Congelados",
        "Marca": "Pingo Doce",
        "Preco": 0.89,
        "Unidade_Info": "0.4 Kg | 2,23 €/Kg",
        "Categorias_GTM": "Congelados, Frutas e Vegetais, Vegetais, As Nossas Marcas, Pingo Doce",
        "Data_Coleta": "2025-06-01 01:51:45"
    },
    {
        "ID_Produto": "323341",
        "Categoria_Scraping": "congelados",
        "Nome": "Cebola aos Cubos Congelada",
        "Marca": "Pingo Doce",
        "Preco": 0.97,
        "Unidade_Info": "0.4 Kg | 2,42 €/Kg",
        "Categorias_GTM": "As Nossas Marcas, Pingo Doce, Congelados, Frutas e Vegetais, Vegetais",
        "Data_Coleta": "2025-06-01 01:51:45"
    },
    {
        "ID_Produto": "862949",
        "Categoria_Scraping": "congelados",
        "Nome": "Crocantes de Peixe Congelados",
        "Marca": "Pingo Doce",
        "Preco": 3.19,
        "Unidade_Info": "0.45 Kg | 7,09 €/Kg",
        "Categorias_GTM": "Congelados, Refeições, Barrinhas, Nuggets e Panados, As Nossas Marcas, Pingo Doce",
        "Data_Coleta": "2025-06-01 01:51:45"
    },
    {
        "ID_Produto": "865482",
        "Categoria_Scraping": "congelados",
        "Nome": "Croquetes de Carne Pré-Frito Congelados",
        "Marca": "Pingo Doce",
        "Preco": 2.79,
        "Unidade_Info": "0.32 Kg | 8,72 €/Kg",
        "Categorias_GTM": "Congelados, Salgados e Aperitivos, As Nossas Marcas, Pingo Doce, Categoria Referência SFCC",
        "Data_Coleta": "2025-06-01 01:51:45"
    },
    {
        "ID_Produto": "916265",
        "Categoria_Scraping": "congelados",
        "Nome": "Douradinhos de Peixe Congelados",
        "Marca": "Capitão Iglo",
        "Preco": 13.99,
        "Unidade_Info": "1.4 Kg | 9,99 €/Kg",
        "Categorias_GTM": "Promoções, Categoria Referência SFCC, Congelados, Barrinhas, Nuggets e Panados, Refeições",
        "Data_Coleta": "2025-06-01 01:51:45"
    },
    {
        "ID_Produto": "563180",
        "Categoria_Scraping": "congelados",
        "Nome": "Filetes de Peixe Gato Riscado Congelada",
        "Marca": "Nossa Peixaria",
        "Preco": 5.29,
        "Unidade_Info": "1 Kg",
        "Categorias_GTM": "Categoria Referência SFCC, Congelados, Peixe, Peixe",
        "Data_Coleta": "2025-06-01 01:51:59"
    },
    {
        "ID_Produto": "895979",
        "Categoria_Scraping": "congelados",
        "Nome": "Filetes de Pescada do Cabo Congelada",
        "Marca": "Nossa Peixaria",
        "Preco": 6.89,
        "Unidade_Info": "0.8 Kg | 8,61 €/Kg",
        "Categorias_GTM": "Congelados, Peixe, Peixe, Categoria Referência SFCC",
        "Data_Coleta": "2025-06-01 01:51:59"
    },
    {
        "ID_Produto": "907040",
        "Categoria_Scraping": "congelados",
        "Nome": "Hambúrgueres de Frango sem Glíten Congelados",
        "Marca": "Capitão Iglo",
        "Preco": 16.99,
        "Unidade_Info": "1.08 Kg | 15,73 €/Kg",
        "Categorias_GTM": "Congelados, Hambúgueres, Refeições, Poupe Esta Semana, Promoções",
        "Data_Coleta": "2025-06-01 01:51:59"
    },
    {
        "ID_Produto": "937268",
        "Categoria_Scraping": "congelados",
        "Nome": "Hambúrgueres de Vaca sem Glúten Congelados",
        "Marca": "Pingo Doce",
        "Preco": 7.29,
        "Unidade_Info": "1 Kg | 7,29 €/Kg",
        "Categorias_GTM": "As Nossas Marcas, Pingo Doce, Categoria Referência SFCC, Congelados, Hambúgueres",
        "Data_Coleta": "2025-06-01 01:51:59"
    },
    {
        "ID_Produto": "907039",
        "Categoria_Scraping": "congelados",
        "Nome": "Hambúrgueres de Vaca sem Glúten Congelados",
        "Marca": "Capitão Iglo",
        "Preco": 16.99,
        "Unidade_Info": "1.4 Kg | 12,14 €/Kg",
        "Categorias_GTM": "Promoções, Poupe Esta Semana, Congelados, Hambúgueres, Refeições",
        "Data_Coleta": "2025-06-01 01:51:59"
    },
    {
        "ID_Produto": "38365",
        "Categoria_Scraping": "congelados",
        "Nome": "Lombos de Pescada Congelados",
        "Marca": "Pingo Doce",
        "Preco": 3.99,
        "Unidade_Info": "0.4 Kg | 9,98 €/Kg",
        "Categorias_GTM": "Congelados, Peixe, Postas, Filetes e Medalhões, As Nossas Marcas, Pingo Doce",
        "Data_Coleta": "2025-06-01 01:51:59"
    },
    {
        "ID_Produto": "664642",
        "Categoria_Scraping": "congelados",
        "Nome": "Lombos de Salmão Congelados",
        "Marca": "Pingo Doce",
        "Preco": 7.59,
        "Unidade_Info": "0.3 Kg | 25,3 €/Kg",
        "Categorias_GTM": "As Nossas Marcas, Pingo Doce, Categoria Referência SFCC, Congelados, Peixe",
        "Data_Coleta": "2025-06-01 01:51:59"
    },
    {
        "ID_Produto": "910521",
        "Categoria_Scraping": "congelados",
        "Nome": "Lombos de Salmão Congelados",
        "Marca": "Pescanova",
        "Preco": 7.99,
        "Unidade_Info": "0.25 Kg | 31,96 €/Kg",
        "Categorias_GTM": "Congelados, Peixe, Postas, Filetes e Medalhões, Poupe Esta Semana, Promoções",
        "Data_Coleta": "2025-06-01 01:51:59"
    },
    {
        "ID_Produto": "936328",
        "Categoria_Scraping": "congelados",
        "Nome": "Lombos de Salmão sem Pele Congelado",
        "Marca": "Nossa Peixaria",
        "Preco": 5.95,
        "Unidade_Info": "0.25 Kg | 23,8 €/Kg",
        "Categorias_GTM": "Categoria Referência SFCC, Congelados, Peixe, Peixe",
        "Data_Coleta": "2025-06-01 01:51:59"
    },
    {
        "ID_Produto": "695633",
        "Categoria_Scraping": "congelados",
        "Nome": "Lulas Limpas Congeladas",
        "Marca": "Pescanova",
        "Preco": 5.49,
        "Unidade_Info": "0.45 Kg | 12,2 €/Kg",
        "Categorias_GTM": "Promoções, Categoria Referência SFCC, Poupe Esta Semana, Peixe, Polvo, Lulas e Chocos",
        "Data_Coleta": "2025-06-01 01:51:59"
    },
    {
        "ID_Produto": "947316",
        "Categoria_Scraping": "congelados",
        "Nome": "Medalhões de Pescada Congelados",
        "Marca": "Iglo",
        "Preco": 7.99,
        "Unidade_Info": "0.5 Kg | 15,98 €/Kg",
        "Categorias_GTM": "Congelados, Peixe, Postas, Filetes e Medalhões, Categoria Referência SFCC, Poupe Este Fim De Semana",
        "Data_Coleta": "2025-06-01 01:51:59"
    },
    {
        "ID_Produto": "38364",
        "Categoria_Scraping": "congelados",
        "Nome": "Medalhões de Pescada Congelados",
        "Marca": "Pingo Doce",
        "Preco": 3.69,
        "Unidade_Info": "0.4 Kg | 9,23 €/Kg",
        "Categorias_GTM": "Congelados, Peixe, Postas, Filetes e Medalhões, As Nossas Marcas, Pingo Doce",
        "Data_Coleta": "2025-06-01 01:51:59"
    },
    {
        "ID_Produto": "571395",
        "Categoria_Scraping": "congelados",
        "Nome": "Medalhões de Pescada do Cabo Congelados",
        "Marca": "Pescanova",
        "Preco": 13.39,
        "Unidade_Info": "1 Kg | 13,39 €/Kg",
        "Categorias_GTM": "Categoria Referência SFCC, Promoções, Congelados, Peixe, Postas, Filetes e Medalhões",
        "Data_Coleta": "2025-06-01 01:52:04"
    },
    {
        "ID_Produto": "956837",
        "Categoria_Scraping": "congelados",
        "Nome": "Mimos de Pescada Congelados",
        "Marca": "Pescanova",
        "Preco": 10.99,
        "Unidade_Info": "1 Kg | 10,99 €/Kg",
        "Categorias_GTM": "Categoria Referência SFCC, Poupe Esta Semana, Promoções, Peixe, Postas, Filetes e Medalhões",
        "Data_Coleta": "2025-06-01 01:52:04"
    },
    {
        "ID_Produto": "970146",
        "Categoria_Scraping": "congelados",
        "Nome": "Miolo de Camarão 40/60 Congelado",
        "Marca": "Pingo Doce",
        "Preco": 3.99,
        "Unidade_Info": "0.2 Kg | 19,95 €/Kg",
        "Categorias_GTM": "As Nossas Marcas, Pingo Doce, Congelados, Marisco, Categoria Referência SFCC",
        "Data_Coleta": "2025-06-01 01:52:04"
    },
    {
        "ID_Produto": "819934",
        "Categoria_Scraping": "congelados",
        "Nome": "Nuggets de Frango Congelados",
        "Marca": "Capitão Iglo",
        "Preco": 12.99,
        "Unidade_Info": "1.042 Kg | 12,47 €/Kg",
        "Categorias_GTM": "Poupe Esta Semana, Promoções, Congelados, Barrinhas, Nuggets e Panados, Refeições",
        "Data_Coleta": "2025-06-01 01:52:04"
    },
    {
        "ID_Produto": "976507",
        "Categoria_Scraping": "congelados",
        "Nome": "Nuggets de Frango Congelados",
        "Marca": "Pingo Doce",
        "Preco": 6.29,
        "Unidade_Info": "1.008 Kg | 6,24 €/Kg",
        "Categorias_GTM": "As Nossas Marcas, Pingo Doce, Congelados, Barrinhas, Nuggets e Panados, Refeições",
        "Data_Coleta": "2025-06-01 01:52:04"
    },
    {
        "ID_Produto": "846601",
        "Categoria_Scraping": "congelados",
        "Nome": "Paloco do Pacífico Desfiado Congelado",
        "Marca": "Ártico",
        "Preco": 3.99,
        "Unidade_Info": "0.5 Kg | 7,98 €/Kg",
        "Categorias_GTM": "Categoria Referência SFCC, Bacalhau, Congelados, Peixe",
        "Data_Coleta": "2025-06-01 01:52:04"
    },
    {
        "ID_Produto": "556778",
        "Categoria_Scraping": "congelados",
        "Nome": "Polvo Limpo Congelado",
        "Marca": "Nossa Peixaria",
        "Preco": 12.49,
        "Unidade_Info": "1 Kg",
        "Categorias_GTM": "Poupe Esta Semana, Categoria Referência SFCC, Congelados, Peixe, Polvo, Lulas e Chocos",
        "Data_Coleta": "2025-06-01 01:52:04"
    },
    {
        "ID_Produto": "556779",
        "Categoria_Scraping": "congelados",
        "Nome": "Polvo Limpo Congelado",
        "Marca": "Nossa Peixaria",
        "Preco": 15.49,
        "Unidade_Info": "2 Kg",
        "Categorias_GTM": "Categoria Referência SFCC, Congelados, Peixe, Polvo, Lulas e Chocos",
        "Data_Coleta": "2025-06-01 01:52:04"
    },
    {
        "ID_Produto": "948617",
        "Categoria_Scraping": "congelados",
        "Nome": "Postas de Bacalhau Congeladas",
        "Marca": "Pingo Doce",
        "Preco": 9.29,
        "Unidade_Info": "0.8 Kg | 11,61 €/Kg",
        "Categorias_GTM": "Bacalhau, Congelados, Peixe, As Nossas Marcas, Pingo Doce",
        "Data_Coleta": "2025-06-01 01:52:04"
    },
    {
        "ID_Produto": "908406",
        "Categoria_Scraping": "congelados",
        "Nome": "Postas de Salmão Congelada",
        "Marca": "Nossa Peixaria",
        "Preco": 8.99,
        "Unidade_Info": "0.7 Kg | 12,84 €/Kg",
        "Categorias_GTM": "Congelados, Peixe, Peixe, Categoria Referência SFCC",
        "Data_Coleta": "2025-06-01 01:52:04"
    },
    {
        "ID_Produto": "26230",
        "Categoria_Scraping": "congelados",
        "Nome": "Puré de Batata com Noz Moscada",
        "Marca": "Pingo Doce",
        "Preco": 2.49,
        "Unidade_Info": "1 Kg | 2,49 €/Kg",
        "Categorias_GTM": "As Nossas Marcas, Pingo Doce, Batatas, Congelados, Frutas e Vegetais",
        "Data_Coleta": "2025-06-01 01:52:04"
    },
    {
        "ID_Produto": "670789",
        "Categoria_Scraping": "congelados",
        "Nome": "Tentáculos de Pota Congelados",
        "Marca": "Nossa Peixaria",
        "Preco": 6.99,
        "Unidade_Info": "1.5 Kg",
        "Categorias_GTM": "Categoria Referência SFCC, Congelados, Peixe, Polvo, Lulas e Chocos",
        "Data_Coleta": "2025-06-01 01:52:04"
    },
    {
        "ID_Produto": "972880",
        "Categoria_Scraping": "congelados",
        "Nome": "Açaí Original",
        "Marca": "Native Açaí",
        "Preco": 6.34,
        "Unidade_Info": "0.48 L | 13,21 €/L",
        "Categorias_GTM": "Congelados, Frutas e Polpas, Frutas e Vegetais, Categoria Referência SFCC",
        "Data_Coleta": "2025-06-01 01:52:10"
    },
    {
        "ID_Produto": "504239",
        "Categoria_Scraping": "congelados",
        "Nome": "Alho Picado Congelado",
        "Marca": "Pingo Doce",
        "Preco": 1.19,
        "Unidade_Info": "0.1 Kg | 11,9 €/Kg",
        "Categorias_GTM": "Categoria Referência SFCC, Congelados, Frutas e Vegetais, Vegetais, Pingo Doce",
        "Data_Coleta": "2025-06-01 01:52:10"
    },
    {
        "ID_Produto": "937269",
        "Categoria_Scraping": "congelados",
        "Nome": "Almôndegas com Molho de Tomate Congeladas",
        "Marca": "Pingo Doce",
        "Preco": 3.69,
        "Unidade_Info": "0.42 Kg | 8,79 €/Kg",
        "Categorias_GTM": "Congelados, Refeições, Refeições Congeladas, As Nossas Marcas, Pingo Doce",
        "Data_Coleta": "2025-06-01 01:52:10"
    },
    {
        "ID_Produto": "977870",
        "Categoria_Scraping": "congelados",
        "Nome": "Barrinhas de Pescada sem Glúten Congeladas",
        "Marca": "Pescanova",
        "Preco": 8.99,
        "Unidade_Info": "1.2 Kg | 7,49 €/Kg",
        "Categorias_GTM": "Poupe Esta Semana, Promoções, Congelados, Barrinhas, Nuggets e Panados, Refeições",
        "Data_Coleta": "2025-06-01 01:52:10"
    },
    {
        "ID_Produto": "904716",
        "Categoria_Scraping": "congelados",
        "Nome": "Batata Pré-Frita Palitos Finos",
        "Marca": "Pingo Doce",
        "Preco": 1.85,
        "Unidade_Info": "1 Kg | 1,85 €/Kg",
        "Categorias_GTM": "As Nossas Marcas, Pingo Doce, Batatas, Congelados, Frutas e Vegetais",
        "Data_Coleta": "2025-06-01 01:52:10"
    },
    {
        "ID_Produto": "921709",
        "Categoria_Scraping": "congelados",
        "Nome": "Batatas Doce Pré-Fritas Palitos",
        "Marca": "Pingo Doce",
        "Preco": 2.59,
        "Unidade_Info": "0.5 Kg | 5,18 €/Kg",
        "Categorias_GTM": "As Nossas Marcas, Pingo Doce, Categoria Referência SFCC, Batatas, Congelados",
        "Data_Coleta": "2025-06-01 01:52:10"
    },
    {
        "ID_Produto": "901542",
        "Categoria_Scraping": "congelados",
        "Nome": "Batatas Noisettes",
        "Marca": "Pingo Doce",
        "Preco": 2.99,
        "Unidade_Info": "1 Kg | 2,99 €/Kg",
        "Categorias_GTM": "As Nossas Marcas, Pingo Doce, Categoria Referência SFCC, Batatas, Congelados",
        "Data_Coleta": "2025-06-01 01:52:10"
    },
    {
        "ID_Produto": "357220",
        "Categoria_Scraping": "congelados",
        "Nome": "Batatas Pré-Fritas Cubos",
        "Marca": "Pingo Doce",
        "Preco": 1.99,
        "Unidade_Info": "1 Kg | 1,99 €/Kg",
        "Categorias_GTM": "Batatas, Congelados, Frutas e Vegetais, As Nossas Marcas, Pingo Doce",
        "Data_Coleta": "2025-06-01 01:52:10"
    },
    {
        "ID_Produto": "905194",
        "Categoria_Scraping": "congelados",
        "Nome": "Batatas Pré-Fritas Palitos",
        "Marca": "Pingo Doce",
        "Preco": 1.85,
        "Unidade_Info": "1 Kg | 1,85 €/Kg",
        "Categorias_GTM": "Batatas, Congelados, Frutas e Vegetais, As Nossas Marcas, Pingo Doce",
        "Data_Coleta": "2025-06-01 01:52:10"
    },
    {
        "ID_Produto": "883028",
        "Categoria_Scraping": "congelados",
        "Nome": "Bolinhas de Alheira e Chouriço Pré-Frito Congeladas",
        "Marca": "Pingo Doce Iguarias",
        "Preco": 3.69,
        "Unidade_Info": "0.3 Kg | 12,3 €/Kg",
        "Categorias_GTM": "Refeições, Congelados, As Nossas Iguarias, As Nossas Marcas, Categoria Referência SFCC",
        "Data_Coleta": "2025-06-01 01:52:10"
    },
    {
        "ID_Produto": "658218",
        "Categoria_Scraping": "congelados",
        "Nome": "Camarão 20/30 Vannamei Congelado",
        "Marca": "Nossa Peixaria",
        "Preco": 8.99,
        "Unidade_Info": "0.5 Kg",
        "Categorias_GTM": "Categoria Referência SFCC, Promoções, Congelados, Marisco, Poupe Esta Semana",
        "Data_Coleta": "2025-06-01 01:52:10"
    },
    {
        "ID_Produto": "952757",
        "Categoria_Scraping": "congelados",
        "Nome": "Caprichos do Mar sem Glúten Congelados",
        "Marca": "Pescanova",
        "Preco": 7.89,
        "Unidade_Info": "1 Kg | 7,89 €/Kg",
        "Categorias_GTM": "Promoções, Categoria Referência SFCC, Congelados, Refeições, Barrinhas, Nuggets e Panados",
        "Data_Coleta": "2025-06-01 01:52:10"
    },
    {
        "ID_Produto": "614838",
        "Categoria_Scraping": "congelados",
        "Nome": "Castanhas Congeladas",
        "Marca": "Pingo Doce",
        "Preco": 9.99,
        "Unidade_Info": "1 Kg | 9,99 €/Kg",
        "Categorias_GTM": "Congelados, Frutas e Vegetais, Vegetais, As Nossas Marcas, Pingo Doce",
        "Data_Coleta": "2025-06-01 01:52:16"
    },
    {
        "ID_Produto": "842918",
        "Categoria_Scraping": "congelados",
        "Nome": "Choco Limpo Congelado",
        "Marca": "Nossa Peixaria",
        "Preco": 7.49,
        "Unidade_Info": "0.8 Kg | 9,36 €/Kg",
        "Categorias_GTM": "Categoria Referência SFCC, Congelados, Peixe, Polvo, Lulas e Chocos, Poupe Esta Semana",
        "Data_Coleta": "2025-06-01 01:52:16"
    },
    {
        "ID_Produto": "934099",
        "Categoria_Scraping": "congelados",
        "Nome": "Cogumelos Laminados Congelados",
        "Marca": "Pingo Doce",
        "Preco": 0.99,
        "Unidade_Info": "0.4 Kg | 2,47 €/Kg",
        "Categorias_GTM": "As Nossas Marcas, Pingo Doce, Categoria Referência SFCC, Congelados, Frutas e Vegetais",
        "Data_Coleta": "2025-06-01 01:52:16"
    },
    {
        "ID_Produto": "863243",
        "Categoria_Scraping": "congelados",
        "Nome": "Couve-Flor Congelada",
        "Marca": "Pingo Doce",
        "Preco": 1.39,
        "Unidade_Info": "0.75 Kg | 1,85 €/Kg",
        "Categorias_GTM": "Congelados, Frutas e Vegetais, Vegetais, Categoria Referência SFCC, As Nossas Marcas",
        "Data_Coleta": "2025-06-01 01:52:16"
    },
    {
        "ID_Produto": "856787",
        "Categoria_Scraping": "congelados",
        "Nome": "Coxinhas de Frango no Forno Congeladas",
        "Marca": "Pingo Doce",
        "Preco": 3.29,
        "Unidade_Info": "0.36 Kg | 9,14 €/Kg",
        "Categorias_GTM": "Congelados, Salgados e Aperitivos, As Nossas Marcas, Pingo Doce, Categoria Referência SFCC",
        "Data_Coleta": "2025-06-01 01:52:16"
    },
    {
        "ID_Produto": "970901",
        "Categoria_Scraping": "congelados",
        "Nome": "Crepes com Chocolate",
        "Marca": "Pingo Doce",
        "Preco": 3.09,
        "Unidade_Info": "0.54 Kg | 5,72 €/Kg",
        "Categorias_GTM": "As Nossas Marcas, Pingo Doce, Congelados, Sobremesas, Categoria Referência SFCC",
        "Data_Coleta": "2025-06-01 01:52:16"
    },
    {
        "ID_Produto": "821328",
        "Categoria_Scraping": "congelados",
        "Nome": "Crocantes de Frango com Parmesão e Ervas Congelados",
        "Marca": "Iglo",
        "Preco": 3.74,
        "Unidade_Info": "0.18 Kg | 20,78 €/Kg",
        "Categorias_GTM": "Promoções, Poupe Esta Semana, Congelados, Barrinhas, Nuggets e Panados, Refeições",
        "Data_Coleta": "2025-06-01 01:52:16"
    },
    {
        "ID_Produto": "821310",
        "Categoria_Scraping": "congelados",
        "Nome": "Crocantes de Frango Congelados",
        "Marca": "Iglo",
        "Preco": 3.74,
        "Unidade_Info": "0.18 Kg | 20,78 €/Kg",
        "Categorias_GTM": "Congelados, Refeições, Barrinhas, Nuggets e Panados, Categoria Referência SFCC, Poupe Este Fim De Semana",
        "Data_Coleta": "2025-06-01 01:52:16"
    },
    {
        "ID_Produto": "973178",
        "Categoria_Scraping": "congelados",
        "Nome": "Crocantes de Frango Cordon Bleu Congelados",
        "Marca": "Iglo",
        "Preco": 3.99,
        "Unidade_Info": "0.2 Kg | 19,95 €/Kg",
        "Categorias_GTM": "Congelados, Barrinhas, Nuggets e Panados, Refeições, Categoria Referência SFCC, Poupe Este Fim De Semana",
        "Data_Coleta": "2025-06-01 01:52:16"
    },
    {
        "ID_Produto": "857269",
        "Categoria_Scraping": "congelados",
        "Nome": "Delícias do Mar sem Glúten Congeladas",
        "Marca": "Pingo Doce",
        "Preco": 1.29,
        "Unidade_Info": "0.25 Kg | 5,16 €/Kg",
        "Categorias_GTM": "As Nossas Marcas, Pingo Doce, Congelados, Marisco, Categoria Referência SFCC",
        "Data_Coleta": "2025-06-01 01:52:16"
    },
    {
        "ID_Produto": "815243",
        "Categoria_Scraping": "congelados",
        "Nome": "Douradinhos de Peixe Congelados",
        "Marca": "Capitão Iglo",
        "Preco": 4.99,
        "Unidade_Info": "0.42 Kg | 11,88 €/Kg",
        "Categorias_GTM": "Categoria Referência SFCC, Poupe Esta Semana, Promoções, Congelados, Barrinhas, Nuggets e Panados",
        "Data_Coleta": "2025-06-01 01:52:16"
    },
    {
        "ID_Produto": "626916",
        "Categoria_Scraping": "congelados",
        "Nome": "Douradinhos de Salmão Congelados",
        "Marca": "Capitão Iglo",
        "Preco": 4.99,
        "Unidade_Info": "0.28 Kg | 17,82 €/Kg",
        "Categorias_GTM": "Categoria Referência SFCC, Poupe Esta Semana, Promoções, Congelados, Barrinhas, Nuggets e Panados",
        "Data_Coleta": "2025-06-01 01:52:16"
    },
    {
        "ID_Produto": "701850",
        "Categoria_Scraping": "congelados",
        "Nome": "Empadas de Galinha Receita Alentejana Congeladas",
        "Marca": "Pingo Doce",
        "Preco": 3.79,
        "Unidade_Info": "0.36 Kg | 10,53 €/Kg",
        "Categorias_GTM": "As Nossas Marcas, Pingo Doce, Categoria Referência SFCC, Congelados, Salgados e Aperitivos",
        "Data_Coleta": "2025-06-01 01:52:22"
    },
    {
        "ID_Produto": "767327",
        "Categoria_Scraping": "congelados",
        "Nome": "Ervilhas Congeladas",
        "Marca": "Iglo",
        "Preco": 3.39,
        "Unidade_Info": "0.7 Kg | 4,84 €/Kg",
        "Categorias_GTM": "Categoria Referência SFCC, Congelados, Frutas e Vegetais, Vegetais, Poupe Esta Semana",
        "Data_Coleta": "2025-06-01 01:52:22"
    },
    {
        "ID_Produto": "751245",
        "Categoria_Scraping": "congelados",
        "Nome": "Ervilhas Primavera Congeladas",
        "Marca": "Iglo",
        "Preco": 2.99,
        "Unidade_Info": "0.5 Kg | 5,98 €/Kg",
        "Categorias_GTM": "Categoria Referência SFCC, Congelados, Frutas e Vegetais, Vegetais, Poupe Esta Semana",
        "Data_Coleta": "2025-06-01 01:52:22"
    },
    {
        "ID_Produto": "803374",
        "Categoria_Scraping": "congelados",
        "Nome": "Esparregado Congelado",
        "Marca": "Iglo",
        "Preco": 3.49,
        "Unidade_Info": "0.75 Kg | 4,65 €/Kg",
        "Categorias_GTM": "Congelados, Frutas e Vegetais, Vegetais, Categoria Referência SFCC, Poupe Este Fim De Semana",
        "Data_Coleta": "2025-06-01 01:52:22"
    },
    {
        "ID_Produto": "896455",
        "Categoria_Scraping": "congelados",
        "Nome": "Esparregado Congelado",
        "Marca": "Pingo Doce",
        "Preco": 1.39,
        "Unidade_Info": "0.35 Kg | 3,97 €/Kg",
        "Categorias_GTM": "Congelados, Frutas e Vegetais, Vegetais, As Nossas Marcas, Pingo Doce",
        "Data_Coleta": "2025-06-01 01:52:22"
    },
    {
        "ID_Produto": "323609",
        "Categoria_Scraping": "congelados",
        "Nome": "Espinafres em Folha Congelados",
        "Marca": "Pingo Doce",
        "Preco": 0.69,
        "Unidade_Info": "0.4 Kg | 1,73 €/Kg",
        "Categorias_GTM": "Congelados, Frutas e Vegetais, Vegetais, Categoria Referência SFCC, As Nossas Marcas",
        "Data_Coleta": "2025-06-01 01:52:22"
    },
    {
        "ID_Produto": "609444",
        "Categoria_Scraping": "congelados",
        "Nome": "Filetes de Pangasius Congelados",
        "Marca": "Pescanova",
        "Preco": 4.49,
        "Unidade_Info": "0.6 Kg | 7,48 €/Kg",
        "Categorias_GTM": "Categoria Referência SFCC, Congelados, Peixe, Postas, Filetes e Medalhões, Poupe Esta Semana",
        "Data_Coleta": "2025-06-01 01:52:22"
    },
    {
        "ID_Produto": "967557",
        "Categoria_Scraping": "congelados",
        "Nome": "Filetes de Pescada Congelados",
        "Marca": "Pescanova",
        "Preco": 4.99,
        "Unidade_Info": "0.4 Kg | 12,48 €/Kg",
        "Categorias_GTM": "Congelados, Peixe, Postas, Filetes e Medalhões, Categoria Referência SFCC, Poupe Este Fim De Semana",
        "Data_Coleta": "2025-06-01 01:52:22"
    },
    {
        "ID_Produto": "306413",
        "Categoria_Scraping": "congelados",
        "Nome": "Filetes de Pescada Panados com Limão Congelados",
        "Marca": "Pescanova",
        "Preco": 4.99,
        "Unidade_Info": "0.4 Kg | 12,48 €/Kg",
        "Categorias_GTM": "Promoções, Congelados, Barrinhas, Nuggets e Panados, Refeições, Poupe Esta Semana",
        "Data_Coleta": "2025-06-01 01:52:22"
    },
    {
        "ID_Produto": "977058",
        "Categoria_Scraping": "congelados",
        "Nome": "Filetes de Pescada Panados sem Glúten Congelados",
        "Marca": "Pescanova",
        "Preco": 8.99,
        "Unidade_Info": "1 Kg | 8,99 €/Kg",
        "Categorias_GTM": "Promoções, Poupe Esta Semana, Congelados, Barrinhas, Nuggets e Panados, Refeições",
        "Data_Coleta": "2025-06-01 01:52:22"
    },
    {
        "ID_Produto": "766369",
        "Categoria_Scraping": "congelados",
        "Nome": "Filetes Primavera com Alho e Ervas Aromáticas Congelados",
        "Marca": "Iglo",
        "Preco": 3.74,
        "Unidade_Info": "0.225 Kg | 16,62 €/Kg",
        "Categorias_GTM": "Categoria Referência SFCC, Promoções, Congelados, Barrinhas, Nuggets e Panados, Refeições",
        "Data_Coleta": "2025-06-01 01:52:22"
    },
    {
        "ID_Produto": "834335",
        "Categoria_Scraping": "congelados",
        "Nome": "Folhado de Frango e Legumes Congelado",
        "Marca": "Pingo Doce",
        "Preco": 4.99,
        "Unidade_Info": "0.55 Kg | 9,07 €/Kg",
        "Categorias_GTM": "As Nossas Marcas, Pingo Doce, Categoria Referência SFCC, Congelados, Salgados e Aperitivos",
        "Data_Coleta": "2025-06-01 01:52:22"
    },
    {
        "ID_Produto": "773780",
        "Categoria_Scraping": "congelados",
        "Nome": "Frutos Silvestres Congelados",
        "Marca": "Pingo Doce",
        "Preco": 3.24,
        "Unidade_Info": "0.65 Kg | 4,98 €/Kg",
        "Categorias_GTM": "As Nossas Marcas, Pingo Doce, Congelados, Frutas e Polpas, Frutas e Vegetais",
        "Data_Coleta": "2025-06-01 01:52:27"
    },
    {
        "ID_Produto": "812807",
        "Categoria_Scraping": "congelados",
        "Nome": "Hambúrgueres de Frango sem Glúten Congelados",
        "Marca": "Capitão Iglo",
        "Preco": 7.99,
        "Unidade_Info": "0.48 Kg | 16,65 €/Kg",
        "Categorias_GTM": "Poupe Esta Semana, Promoções, Categoria Referência SFCC, Congelados, Hambúgueres",
        "Data_Coleta": "2025-06-01 01:52:27"
    },
    {
        "ID_Produto": "802365",
        "Categoria_Scraping": "congelados",
        "Nome": "Hambúrgueres de Vaca sem Glúten Congelados",
        "Marca": "Capitão Iglo",
        "Preco": 7.99,
        "Unidade_Info": "0.64 Kg | 12,48 €/Kg",
        "Categorias_GTM": "Categoria Referência SFCC, Poupe Esta Semana, Promoções, Congelados, Hambúgueres",
        "Data_Coleta": "2025-06-01 01:52:27"
    },
    {
        "ID_Produto": "926356",
        "Categoria_Scraping": "congelados",
        "Nome": "Legumes Salteados com Quinoa Congelados",
        "Marca": "Pingo Doce",
        "Preco": 2.49,
        "Unidade_Info": "0.35 Kg | 7,11 €/Kg",
        "Categorias_GTM": "Congelados, Frutas e Vegetais, Vegetais, As Nossas Marcas, Pingo Doce",
        "Data_Coleta": "2025-06-01 01:52:27"
    },
    {
        "ID_Produto": "872530",
        "Categoria_Scraping": "congelados",
        "Nome": "Lombos de Bacalhau Congelados",
        "Marca": "Ártico",
        "Preco": 15.15,
        "Unidade_Info": "0.8 Kg | 18,94 €/Kg",
        "Categorias_GTM": "Categoria Referência SFCC, Bacalhau, Congelados, Peixe",
        "Data_Coleta": "2025-06-01 01:52:27"
    },
    {
        "ID_Produto": "504879",
        "Categoria_Scraping": "congelados",
        "Nome": "Lulas Inteiras Congelada",
        "Marca": "Nossa Peixaria",
        "Preco": 7.99,
        "Unidade_Info": "1 Kg",
        "Categorias_GTM": "Categoria Referência SFCC, Congelados, Peixe, Polvo, Lulas e Chocos",
        "Data_Coleta": "2025-06-01 01:52:27"
    },
    {
        "ID_Produto": "852089",
        "Categoria_Scraping": "congelados",
        "Nome": "Lulas Limpas Congelada",
        "Marca": "Nossa Peixaria",
        "Preco": 7.49,
        "Unidade_Info": "0.8 Kg | 9,36 €/Kg",
        "Categorias_GTM": "Categoria Referência SFCC, Congelados, Peixe, Polvo, Lulas e Chocos",
        "Data_Coleta": "2025-06-01 01:52:27"
    },
    {
        "ID_Produto": "773789",
        "Categoria_Scraping": "congelados",
        "Nome": "Lulas Recheadas com Carne Congeladas",
        "Marca": "Pingo Doce",
        "Preco": 7.99,
        "Unidade_Info": "0.5 Kg | 15,98 €/Kg",
        "Categorias_GTM": "Congelados, Refeições, Refeições Congeladas, As Nossas Marcas, Pingo Doce",
        "Data_Coleta": "2025-06-01 01:52:27"
    },
    {
        "ID_Produto": "507774",
        "Categoria_Scraping": "congelados",
        "Nome": "Mini Pizzas de Queijo e Fiambre",
        "Marca": "Buitoni Piccolinis",
        "Preco": 4.75,
        "Unidade_Info": "0.27 Kg | 17,59 €/Kg",
        "Categorias_GTM": "Categoria Referência SFCC, Congelados, Pizza, Refeições",
        "Data_Coleta": "2025-06-01 01:52:27"
    },
    {
        "ID_Produto": "773792",
        "Categoria_Scraping": "congelados",
        "Nome": "Mini Pizzas de Queijo e Fiambre",
        "Marca": "Pingo Doce",
        "Preco": 3.49,
        "Unidade_Info": "0.36 Kg | 9,69 €/Kg",
        "Categorias_GTM": "Congelados, Pizza, Refeições, As Nossas Marcas, Pingo Doce",
        "Data_Coleta": "2025-06-01 01:52:27"
    },
    {
        "ID_Produto": "759796",
        "Categoria_Scraping": "congelados",
        "Nome": "Miolo de Camarão 40/60 Congelado",
        "Marca": "Pescanova",
        "Preco": 4.59,
        "Unidade_Info": "0.2 Kg | 22,95 €/Kg",
        "Categorias_GTM": "Congelados, Marisco, Categoria Referência SFCC, Poupe Esta Semana, Promoções",
        "Data_Coleta": "2025-06-01 01:52:27"
    },
    {
        "ID_Produto": "970147",
        "Categoria_Scraping": "congelados",
        "Nome": "Miolo de Camarão 80/100 Congelado",
        "Marca": "Pingo Doce",
        "Preco": 2.99,
        "Unidade_Info": "0.2 Kg | 14,95 €/Kg",
        "Categorias_GTM": "As Nossas Marcas, Pingo Doce, Congelados, Marisco, Categoria Referência SFCC",
        "Data_Coleta": "2025-06-01 01:52:27"
    },
    {
        "ID_Produto": "669374",
        "Categoria_Scraping": "congelados",
        "Nome": "Miolo de Camarão Gigante 15/30",
        "Marca": "Pescanova",
        "Preco": 6.99,
        "Unidade_Info": "0.25 Kg | 27,96 €/Kg",
        "Categorias_GTM": "Categoria Referência SFCC, Poupe Esta Semana, Marisco, Congelados, Promoções",
        "Data_Coleta": "2025-06-01 01:52:34"
    },
    {
        "ID_Produto": "336088",
        "Categoria_Scraping": "congelados",
        "Nome": "Mistura Vegetais para Saltear Congelados",
        "Marca": "Pingo Doce",
        "Preco": 1.29,
        "Unidade_Info": "0.4 Kg | 3,23 €/Kg",
        "Categorias_GTM": "As Nossas Marcas, Pingo Doce, Congelados, Frutas e Vegetais, Vegetais",
        "Data_Coleta": "2025-06-01 01:52:34"
    },
    {
        "ID_Produto": "836983",
        "Categoria_Scraping": "congelados",
        "Nome": "Morangos Congelados",
        "Marca": "Pingo Doce",
        "Preco": 2.99,
        "Unidade_Info": "0.75 Kg | 3,99 €/Kg",
        "Categorias_GTM": "As Nossas Marcas, Pingo Doce, Congelados, Frutas e Polpas, Frutas e Vegetais",
        "Data_Coleta": "2025-06-01 01:52:34"
    },
    {
        "ID_Produto": "837893",
        "Categoria_Scraping": "congelados",
        "Nome": "Nuggets de Frango com Queijo Congelados",
        "Marca": "Capitão Iglo",
        "Preco": 5.99,
        "Unidade_Info": "0.375 Kg | 15,97 €/Kg",
        "Categorias_GTM": "Promoções, Poupe Esta Semana, Congelados, Barrinhas, Nuggets e Panados, Refeições",
        "Data_Coleta": "2025-06-01 01:52:34"
    },
    {
        "ID_Produto": "945065",
        "Categoria_Scraping": "congelados",
        "Nome": "Nuggets de Frango e Queijo",
        "Marca": "Capitão Iglo",
        "Preco": 14.99,
        "Unidade_Info": "1.08 Kg | 13,88 €/Kg",
        "Categorias_GTM": "Categoria Referência SFCC, Poupe Esta Semana, Promoções, Congelados, Barrinhas, Nuggets e Panados",
        "Data_Coleta": "2025-06-01 01:52:34"
    },
    {
        "ID_Produto": "873572",
        "Categoria_Scraping": "congelados",
        "Nome": "Nuggets de Frango Polme Americano Congelados",
        "Marca": "Capitão Iglo",
        "Preco": 9.99,
        "Unidade_Info": "0.697 Kg | 14,33 €/Kg",
        "Categorias_GTM": "Congelados, Barrinhas, Nuggets e Panados, Refeições, Poupe Esta Semana, Promoções",
        "Data_Coleta": "2025-06-01 01:52:34"
    },
    {
        "ID_Produto": "971819",
        "Categoria_Scraping": "congelados",
        "Nome": "Panquecas de Banana e Espelta",
        "Marca": "Pingo Doce",
        "Preco": 3.29,
        "Unidade_Info": "0.24 Kg | 13,71 €/Kg",
        "Categorias_GTM": "As Nossas Marcas, Pingo Doce, Congelados, Sobremesas, Categoria Referência SFCC",
        "Data_Coleta": "2025-06-01 01:52:34"
    },
    {
        "ID_Produto": "729856",
        "Categoria_Scraping": "congelados",
        "Nome": "Pastéis Bacalhau para Fritar Congelados",
        "Marca": "Pingo Doce",
        "Preco": 3.59,
        "Unidade_Info": "0.384 Kg | 9,35 €/Kg",
        "Categorias_GTM": "As Nossas Marcas, Pingo Doce, Categoria Referência SFCC, Congelados, Salgados e Aperitivos",
        "Data_Coleta": "2025-06-01 01:52:34"
    },
    {
        "ID_Produto": "865483",
        "Categoria_Scraping": "congelados",
        "Nome": "Pastéis  Bacalhau Pré-Fritos Congelados",
        "Marca": "Pingo Doce",
        "Preco": 3.79,
        "Unidade_Info": "0.32 Kg | 11,84 €/Kg",
        "Categorias_GTM": "Categoria Referência SFCC, As Nossas Marcas, Pingo Doce, Congelados, Salgados e Aperitivos",
        "Data_Coleta": "2025-06-01 01:52:34"
    },
    {
        "ID_Produto": "582241",
        "Categoria_Scraping": "congelados",
        "Nome": "Pescada da América do Sul a Granel Congelada",
        "Marca": "Nossa Peixaria",
        "Preco": 4.99,
        "Unidade_Info": "0.8 Kg",
        "Categorias_GTM": "Categoria Referência SFCC, Promoções, Congelados, Peixe, Peixe",
        "Data_Coleta": "2025-06-01 01:52:34"
    },
    {
        "ID_Produto": "646990",
        "Categoria_Scraping": "congelados",
        "Nome": "Petit Gateau com Recheio de Chocolate de Leite",
        "Marca": "Pingo Doce",
        "Preco": 3.79,
        "Unidade_Info": "0.32 Kg | 11,84 €/Kg",
        "Categorias_GTM": "As Nossas Marcas, Pingo Doce, Categoria Referência SFCC, Congelados, Sobremesas",
        "Data_Coleta": "2025-06-01 01:52:34"
    },
    {
        "ID_Produto": "594351",
        "Categoria_Scraping": "congelados",
        "Nome": "Pizza de Atum e Cebola Forno de Lenha",
        "Marca": "Pingo Doce",
        "Preco": 2.39,
        "Unidade_Info": "0.35 Kg | 6,83 €/Kg",
        "Categorias_GTM": "As Nossas Marcas, Pingo Doce, Categoria Referência SFCC, Congelados, Pizza",
        "Data_Coleta": "2025-06-01 01:52:34"
    },
    {
        "ID_Produto": "594353",
        "Categoria_Scraping": "congelados",
        "Nome": "Pizza de Pepperoni Forno de Lenha",
        "Marca": "Pingo Doce",
        "Preco": 2.39,
        "Unidade_Info": "0.35 Kg | 6,83 €/Kg",
        "Categorias_GTM": "Categoria Referência SFCC, Congelados, Pizza, Refeições, As Nossas Marcas",
        "Data_Coleta": "2025-06-01 01:52:40"
    },
    {
        "ID_Produto": "605511",
        "Categoria_Scraping": "congelados",
        "Nome": "Pizza de Queijo de Búfala Forno de Lenha",
        "Marca": "Pingo Doce",
        "Preco": 2.39,
        "Unidade_Info": "0.35 Kg | 6,83 €/Kg",
        "Categorias_GTM": "Categoria Referência SFCC, Congelados, Pizza, Refeições, As Nossas Marcas",
        "Data_Coleta": "2025-06-01 01:52:40"
    },
    {
        "ID_Produto": "889843",
        "Categoria_Scraping": "congelados",
        "Nome": "Postas de Bacalhau Congeladas",
        "Marca": "Pascoal",
        "Preco": 9.49,
        "Unidade_Info": "0.7 Kg | 13,56 €/Kg",
        "Categorias_GTM": "Promoções, Poupe Esta Semana, Categoria Referência SFCC, Bacalhau, Peixe",
        "Data_Coleta": "2025-06-01 01:52:40"
    },
    {
        "ID_Produto": "268712",
        "Categoria_Scraping": "congelados",
        "Nome": "Postas de Pescada Congeladas Nº3 para Cozer",
        "Marca": "Pingo Doce",
        "Preco": 4.39,
        "Unidade_Info": "0.6 Kg | 7,32 €/Kg",
        "Categorias_GTM": "As Nossas Marcas, Pingo Doce, Congelados, Peixe, Postas, Filetes e Medalhões",
        "Data_Coleta": "2025-06-01 01:52:40"
    },
    {
        "ID_Produto": "891785",
        "Categoria_Scraping": "congelados",
        "Nome": "Postas de Pescada do Chile para Cozer Congelada",
        "Marca": "Nossa Peixaria",
        "Preco": 6.99,
        "Unidade_Info": "0.7 Kg | 9,99 €/Kg",
        "Categorias_GTM": "Congelados, Peixe, Peixe, Categoria Referência SFCC, Poupe Esta Semana",
        "Data_Coleta": "2025-06-01 01:52:40"
    },
    {
        "ID_Produto": "874748",
        "Categoria_Scraping": "congelados",
        "Nome": "Preparado de Marisco Congelado",
        "Marca": "Nossa Peixaria",
        "Preco": 5.99,
        "Unidade_Info": "0.8 Kg | 7,49 €/Kg",
        "Categorias_GTM": "Congelados, Marisco, Categoria Referência SFCC, Poupe Este Fim De Semana, Poupe Esta Semana",
        "Data_Coleta": "2025-06-01 01:52:40"
    },
    {
        "ID_Produto": "893195",
        "Categoria_Scraping": "congelados",
        "Nome": "Preparado de Marisco sem Glúten Congelado",
        "Marca": "Pingo Doce",
        "Preco": 5.99,
        "Unidade_Info": "0.8 Kg | 7,49 €/Kg",
        "Categorias_GTM": "As Nossas Marcas, Pingo Doce, Categoria Referência SFCC, Marisco, Congelados",
        "Data_Coleta": "2025-06-01 01:52:40"
    },
    {
        "ID_Produto": "558664",
        "Categoria_Scraping": "congelados",
        "Nome": "Red Fish Médio Congelado",
        "Marca": "Nossa Peixaria",
        "Preco": 4.99,
        "Unidade_Info": "0.5 Kg",
        "Categorias_GTM": "Categoria Referência SFCC, Promoções, Congelados, Peixe, Peixe",
        "Data_Coleta": "2025-06-01 01:52:40"
    },
    {
        "ID_Produto": "865481",
        "Categoria_Scraping": "congelados",
        "Nome": "Rissóis Camarão Pré-Fritos Congelados",
        "Marca": "Pingo Doce",
        "Preco": 2.99,
        "Unidade_Info": "0.4 Kg | 7,48 €/Kg",
        "Categorias_GTM": "Categoria Referência SFCC, As Nossas Marcas, Pingo Doce, Congelados, Salgados e Aperitivos",
        "Data_Coleta": "2025-06-01 01:52:40"
    },
    {
        "ID_Produto": "812459",
        "Categoria_Scraping": "congelados",
        "Nome": "Rissóis de Carne Pré-Fritos Congelados",
        "Marca": "Pingo Doce",
        "Preco": 2.99,
        "Unidade_Info": "0.336 Kg | 8,9 €/Kg",
        "Categorias_GTM": "Categoria Referência SFCC, As Nossas Marcas, Pingo Doce, Congelados, Salgados e Aperitivos",
        "Data_Coleta": "2025-06-01 01:52:40"
    },
    {
        "ID_Produto": "636290",
        "Categoria_Scraping": "congelados",
        "Nome": "Rodelas de Pescada Congelada",
        "Marca": "Nossa Peixaria",
        "Preco": 8.99,
        "Unidade_Info": "1 Kg | 8,99 €/Kg",
        "Categorias_GTM": "Categoria Referência SFCC, Congelados, Peixe, Peixe",
        "Data_Coleta": "2025-06-01 01:52:40"
    },
    {
        "ID_Produto": "630411",
        "Categoria_Scraping": "congelados",
        "Nome": "Tiras de Pota Congeladas",
        "Marca": "Nossa Peixaria",
        "Preco": 6.69,
        "Unidade_Info": "1 Kg",
        "Categorias_GTM": "Categoria Referência SFCC, Congelados, Peixe, Polvo, Lulas e Chocos",
        "Data_Coleta": "2025-06-01 01:52:40"
    },
    {
        "ID_Produto": "928748",
        "Categoria_Scraping": "congelados",
        "Nome": "Alho Francês Cortado Congelado",
        "Marca": "Pingo Doce",
        "Preco": 0.99,
        "Unidade_Info": "0.75 Kg | 1,32 €/Kg",
        "Categorias_GTM": "As Nossas Marcas, Pingo Doce, Congelados, Frutas e Vegetais, Vegetais",
        "Data_Coleta": "2025-06-01 01:52:46"
    },
    {
        "ID_Produto": "203469",
        "Categoria_Scraping": "congelados",
        "Nome": "Amêijoa Vietnamita Branca a Granel Congelada",
        "Marca": "Nossa Peixaria",
        "Preco": 2.39,
        "Unidade_Info": "0.5 Kg",
        "Categorias_GTM": "Promoções, Congelados, Marisco, Poupe Esta Semana, Categoria Referência SFCC",
        "Data_Coleta": "2025-06-01 01:52:46"
    },
    {
        "ID_Produto": "962944",
        "Categoria_Scraping": "congelados",
        "Nome": "Argolas à Romana Congelada",
        "Marca": "Nossa Peixaria",
        "Preco": 2.99,
        "Unidade_Info": "0.5 Kg | 5,98 €/Kg",
        "Categorias_GTM": "Congelados, Peixe, Polvo, Lulas e Chocos, Categoria Referência SFCC",
        "Data_Coleta": "2025-06-01 01:52:46"
    },
    {
        "ID_Produto": "523060",
        "Categoria_Scraping": "congelados",
        "Nome": "Bacalhau à Brás Congelado Congelado",
        "Marca": "Pingo Doce",
        "Preco": 2.59,
        "Unidade_Info": "0.3 Kg | 8,63 €/Kg",
        "Categorias_GTM": "As Nossas Marcas, Pingo Doce, Categoria Referência SFCC, Congelados, Refeições",
        "Data_Coleta": "2025-06-01 01:52:46"
    },
    {
        "ID_Produto": "489415",
        "Categoria_Scraping": "congelados",
        "Nome": "Bacalhau com Natas Congelado",
        "Marca": "Pingo Doce",
        "Preco": 2.79,
        "Unidade_Info": "0.38 Kg | 7,34 €/Kg",
        "Categorias_GTM": "Categoria Referência SFCC, Congelados, Refeições, Refeições Congeladas, As Nossas Marcas",
        "Data_Coleta": "2025-06-01 01:52:46"
    },
    {
        "ID_Produto": "985942",
        "Categoria_Scraping": "congelados",
        "Nome": "Batata para Assar Quartos",
        "Marca": "Pingo Doce",
        "Preco": 2.09,
        "Unidade_Info": "1 Kg | 2,09 €/Kg",
        "Categorias_GTM": "Batatas, Congelados, Frutas e Vegetais, As Nossas Marcas, Pingo Doce",
        "Data_Coleta": "2025-06-01 01:52:46"
    },
    {
        "ID_Produto": "901545",
        "Categoria_Scraping": "congelados",
        "Nome": "Batatas Pré-Fritas Rodelas",
        "Marca": "Pingo Doce",
        "Preco": 2.49,
        "Unidade_Info": "1 Kg | 2,49 €/Kg",
        "Categorias_GTM": "As Nossas Marcas, Pingo Doce, Categoria Referência SFCC, Batatas, Congelados",
        "Data_Coleta": "2025-06-01 01:52:46"
    },
    {
        "ID_Produto": "492117",
        "Categoria_Scraping": "congelados",
        "Nome": "Camarão 20/30 Congelado",
        "Marca": "Nossa Peixaria",
        "Preco": 13.99,
        "Unidade_Info": "0.5 Kg",
        "Categorias_GTM": "Poupe Esta Semana, Categoria Referência SFCC, Promoções, Congelados, Marisco",
        "Data_Coleta": "2025-06-01 01:52:46"
    },
    {
        "ID_Produto": "449497",
        "Categoria_Scraping": "congelados",
        "Nome": "Camarão 60/80 Vannamei Congelado",
        "Marca": "Nossa Peixaria",
        "Preco": 8.99,
        "Unidade_Info": "0.5 Kg",
        "Categorias_GTM": "Categoria Referência SFCC, Congelados, Marisco, Poupe Esta Semana, Promoções",
        "Data_Coleta": "2025-06-01 01:52:46"
    },
    {
        "ID_Produto": "938521",
        "Categoria_Scraping": "congelados",
        "Nome": "Canelones Bolonhesa Congelados",
        "Marca": "Pingo Doce",
        "Preco": 2.29,
        "Unidade_Info": "0.4 Kg | 5,73 €/Kg",
        "Categorias_GTM": "Congelados, Refeições, Refeições Congeladas, Categoria Referência SFCC, As Nossas Marcas",
        "Data_Coleta": "2025-06-01 01:52:46"
    },
    {
        "ID_Produto": "927200",
        "Categoria_Scraping": "congelados",
        "Nome": "Cenoura Baby Congelada",
        "Marca": "Pingo Doce",
        "Preco": 0.75,
        "Unidade_Info": "0.4 Kg | 1,88 €/Kg",
        "Categorias_GTM": "As Nossas Marcas, Pingo Doce, Congelados, Frutas e Vegetais, Vegetais",
        "Data_Coleta": "2025-06-01 01:52:46"
    },
    {
        "ID_Produto": "893196",
        "Categoria_Scraping": "congelados",
        "Nome": "Cocktail de Marisco sem Glúten Congelado",
        "Marca": "Pingo Doce",
        "Preco": 4.49,
        "Unidade_Info": "0.4 Kg | 11,23 €/Kg",
        "Categorias_GTM": "As Nossas Marcas, Pingo Doce, Categoria Referência SFCC, Congelados, Marisco",
        "Data_Coleta": "2025-06-01 01:52:46"
    },
    {
        "ID_Produto": "327905",
        "Categoria_Scraping": "congelados",
        "Nome": "Couves de Bruxelas Congeladas",
        "Marca": "Pingo Doce",
        "Preco": 0.65,
        "Unidade_Info": "0.4 Kg | 1,63 €/Kg",
        "Categorias_GTM": "As Nossas Marcas, Pingo Doce, Congelados, Frutas e Vegetais, Vegetais",
        "Data_Coleta": "2025-06-01 01:52:52"
    },
    {
        "ID_Produto": "638806",
        "Categoria_Scraping": "congelados",
        "Nome": "Crepes Doces Simples Congelados",
        "Marca": "Pingo Doce",
        "Preco": 4.09,
        "Unidade_Info": "1 Kg | 4,09 €/Kg",
        "Categorias_GTM": "Categoria Referência SFCC, Congelados, Sobremesas, As Nossas Marcas, Pingo Doce",
        "Data_Coleta": "2025-06-01 01:52:52"
    },
    {
        "ID_Produto": "958801",
        "Categoria_Scraping": "congelados",
        "Nome": "Crocantes de Frango Cordon Bleu Congelados",
        "Marca": "Iglo",
        "Preco": 9.99,
        "Unidade_Info": "0.6 Kg | 16,65 €/Kg",
        "Categorias_GTM": "Promoções, Poupe Esta Semana, Congelados, Barrinhas, Nuggets e Panados, Refeições",
        "Data_Coleta": "2025-06-01 01:52:52"
    },
    {
        "ID_Produto": "468366",
        "Categoria_Scraping": "congelados",
        "Nome": "Croquetes de Carne Congelados",
        "Marca": "Pingo Doce",
        "Preco": 2.19,
        "Unidade_Info": "0.384 Kg | 5,7 €/Kg",
        "Categorias_GTM": "Congelados, Salgados e Aperitivos, Categoria Referência SFCC, As Nossas Marcas, Pingo Doce",
        "Data_Coleta": "2025-06-01 01:52:52"
    },
    {
        "ID_Produto": "928753",
        "Categoria_Scraping": "congelados",
        "Nome": "Cubos de Tamboril Congelados",
        "Marca": "Mar Ibérica",
        "Preco": 3.39,
        "Unidade_Info": "0.25 Kg | 13,56 €/Kg",
        "Categorias_GTM": "Congelados, Peixe, Postas, Filetes e Medalhões, Categoria Referência SFCC",
        "Data_Coleta": "2025-06-01 01:52:52"
    },
    {
        "ID_Produto": "952407",
        "Categoria_Scraping": "congelados",
        "Nome": "Delícias do Mar sem Glúten Congeladas",
        "Marca": "Pescanova",
        "Preco": 1.59,
        "Unidade_Info": "0.25 Kg | 6,36 €/Kg",
        "Categorias_GTM": "Categoria Referência SFCC, Promoções, Poupe Esta Semana, Congelados, Marisco",
        "Data_Coleta": "2025-06-01 01:52:52"
    },
    {
        "ID_Produto": "647128",
        "Categoria_Scraping": "congelados",
        "Nome": "Douradinhos de Frango Congelados",
        "Marca": "Capitão Iglo",
        "Preco": 3.49,
        "Unidade_Info": "0.25 Kg | 13,96 €/Kg",
        "Categorias_GTM": "Promoções, Categoria Referência SFCC, Poupe Esta Semana, Poupe Este Fim De Semana, Refeições",
        "Data_Coleta": "2025-06-01 01:52:52"
    },
    {
        "ID_Produto": "322068",
        "Categoria_Scraping": "congelados",
        "Nome": "Ervilhas Congeladas",
        "Marca": "Pingo Doce",
        "Preco": 0.99,
        "Unidade_Info": "0.4 Kg | 2,47 €/Kg",
        "Categorias_GTM": "Congelados, Frutas e Vegetais, Vegetais, Categoria Referência SFCC, As Nossas Marcas",
        "Data_Coleta": "2025-06-01 01:52:52"
    },
    {
        "ID_Produto": "326353",
        "Categoria_Scraping": "congelados",
        "Nome": "Ervilhas e Cenouras Congeladas",
        "Marca": "Pingo Doce",
        "Preco": 0.78,
        "Unidade_Info": "0.4 Kg | 1,95 €/Kg",
        "Categorias_GTM": "As Nossas Marcas, Pingo Doce, Congelados, Frutas e Vegetais, Vegetais",
        "Data_Coleta": "2025-06-01 01:52:52"
    },
    {
        "ID_Produto": "664454",
        "Categoria_Scraping": "congelados",
        "Nome": "Esparguete à Bolonhesa Congelada",
        "Marca": "Pingo Doce",
        "Preco": 2.39,
        "Unidade_Info": "0.3 Kg | 7,97 €/Kg",
        "Categorias_GTM": "As Nossas Marcas, Pingo Doce, Categoria Referência SFCC, Congelados, Refeições",
        "Data_Coleta": "2025-06-01 01:52:52"
    },
    {
        "ID_Produto": "916278",
        "Categoria_Scraping": "congelados",
        "Nome": "Falafel de Grão e Especiarias Congelado",
        "Marca": "Iglo Green Cuisine",
        "Preco": 4.99,
        "Unidade_Info": "0.45 Kg | 11,09 €/Kg",
        "Categorias_GTM": "Promoções, Poupe Esta Semana, Categoria Referência SFCC, Congelados, Refeições",
        "Data_Coleta": "2025-06-01 01:52:52"
    },
    {
        "ID_Produto": "970143",
        "Categoria_Scraping": "congelados",
        "Nome": "Falafel para Forno Congelado",
        "Marca": "Pingo Doce",
        "Preco": 3.49,
        "Unidade_Info": "0.3 Kg | 11,63 €/Kg",
        "Categorias_GTM": "As Nossas Marcas, Pingo Doce, Congelados, Refeições, Refeições Congeladas",
        "Data_Coleta": "2025-06-01 01:52:52"
    },
    {
        "ID_Produto": "753013",
        "Categoria_Scraping": "congelados",
        "Nome": "Favas Congelada",
        "Marca": "Pingo Doce",
        "Preco": 1.49,
        "Unidade_Info": "0.75 Kg | 1,99 €/Kg",
        "Categorias_GTM": "Congelados, Frutas e Vegetais, Vegetais, Categoria Referência SFCC, As Nossas Marcas",
        "Data_Coleta": "2025-06-01 01:52:59"
    },
    {
        "ID_Produto": "330885",
        "Categoria_Scraping": "congelados",
        "Nome": "Feijão Verde Cortado",
        "Marca": "Pingo Doce",
        "Preco": 0.79,
        "Unidade_Info": "0.4 Kg | 1,98 €/Kg",
        "Categorias_GTM": "Congelados, Frutas e Vegetais, Vegetais, As Nossas Marcas, Pingo Doce",
        "Data_Coleta": "2025-06-01 01:52:59"
    },
    {
        "ID_Produto": "655208",
        "Categoria_Scraping": "congelados",
        "Nome": "Folhados de Salsicha Congelados",
        "Marca": "Pingo Doce",
        "Preco": 2.69,
        "Unidade_Info": "0.36 Kg | 7,47 €/Kg",
        "Categorias_GTM": "As Nossas Marcas, Pingo Doce, Categoria Referência SFCC, Congelados, Salgados e Aperitivos",
        "Data_Coleta": "2025-06-01 01:52:59"
    },
    {
        "ID_Produto": "909560",
        "Categoria_Scraping": "congelados",
        "Nome": "Framboesas Congeladas",
        "Marca": "Pingo Doce",
        "Preco": 3.29,
        "Unidade_Info": "0.5 Kg | 6,58 €/Kg",
        "Categorias_GTM": "As Nossas Marcas, Pingo Doce, Congelados, Frutas e Polpas, Frutas e Vegetais",
        "Data_Coleta": "2025-06-01 01:52:59"
    },
    {
        "ID_Produto": "765664",
        "Categoria_Scraping": "congelados",
        "Nome": "Gambão Argentino Selvagem 10/30 Congelado",
        "Marca": "Nossa Peixaria",
        "Preco": 9.99,
        "Unidade_Info": "0.5 Kg",
        "Categorias_GTM": "Congelados, Marisco, Poupe Esta Semana, Promoções, Categoria Referência SFCC",
        "Data_Coleta": "2025-06-01 01:52:59"
    },
    {
        "ID_Produto": "975275",
        "Categoria_Scraping": "congelados",
        "Nome": "Gelado After Dinner",
        "Marca": "Magnum",
        "Preco": 4.19,
        "Unidade_Info": "0.28 L | 14,96 €/L",
        "Categorias_GTM": "Congelados, Gelados, Poupe Esta Semana, Promoções, Categoria Referência SFCC",
        "Data_Coleta": "2025-06-01 01:52:59"
    },
    {
        "ID_Produto": "928322",
        "Categoria_Scraping": "congelados",
        "Nome": "Gelado Caramelo e Manteiga Amendoim Cobertura Chocolate",
        "Marca": "Snickers",
        "Preco": 4.29,
        "Unidade_Info": "0.302 L | 14,21 €/L",
        "Categorias_GTM": "Congelados, Gelados, Categoria Referência SFCC, Poupe Esta Semana, Promoções",
        "Data_Coleta": "2025-06-01 01:52:59"
    },
    {
        "ID_Produto": "909557",
        "Categoria_Scraping": "congelados",
        "Nome": "Gelado Cookie Dough",
        "Marca": "Ben & Jerry's",
        "Preco": 6.99,
        "Unidade_Info": "0.465 L | 15,03 €/L",
        "Categorias_GTM": "N/A",
        "Data_Coleta": "2025-06-01 01:52:59"
    },
    {
        "ID_Produto": "878030",
        "Categoria_Scraping": "congelados",
        "Nome": "Gelado Doce Leite",
        "Marca": "Häagen-Dazs",
        "Preco": 5.84,
        "Unidade_Info": "0.46 L | 12,7 €/L",
        "Categorias_GTM": "Congelados, Gelados, Categoria Referência SFCC, Poupe Esta Semana, Promoções",
        "Data_Coleta": "2025-06-01 01:52:59"
    },
    {
        "ID_Produto": "860049",
        "Categoria_Scraping": "congelados",
        "Nome": "Gelado Mini Amêndoaw",
        "Marca": "Magnum",
        "Preco": 3.99,
        "Unidade_Info": "0.33 L | 12,09 €/L",
        "Categorias_GTM": "Congelados, Gelados, Categoria Referência SFCC, Poupe Esta Semana, Promoções",
        "Data_Coleta": "2025-06-01 01:52:59"
    },
    {
        "ID_Produto": "485998",
        "Categoria_Scraping": "congelados",
        "Nome": "Gelado Mini Sandwich",
        "Marca": "Pingo Doce",
        "Preco": 2.99,
        "Unidade_Info": "0.51 L | 5,86 €/L",
        "Categorias_GTM": "Categoria Referência SFCC, Congelados, Gelados, As Nossas Marcas, Pingo Doce",
        "Data_Coleta": "2025-06-01 01:52:59"
    },
    {
        "ID_Produto": "622764",
        "Categoria_Scraping": "congelados",
        "Nome": "Gelados Mini Majestic Mix",
        "Marca": "Pingo Doce",
        "Preco": 2.99,
        "Unidade_Info": "0.48 L | 6,23 €/L",
        "Categorias_GTM": "Categoria Referência SFCC, Congelados, Gelados, Pingo Doce, As Nossas Marcas",
        "Data_Coleta": "2025-06-01 01:52:59"
    },
    {
        "ID_Produto": "671030",
        "Categoria_Scraping": "congelados",
        "Nome": "Gelados Perna de Pau",
        "Marca": "Olá",
        "Preco": 2.99,
        "Unidade_Info": "0.42 L | 7,12 €/L",
        "Categorias_GTM": "Categoria Referência SFCC, Congelados, Gelados, Poupe Esta Semana, Promoções",
        "Data_Coleta": "2025-06-01 01:53:05"
    },
    {
        "ID_Produto": "559077",
        "Categoria_Scraping": "congelados",
        "Nome": "Gelo em Saco",
        "Marca": "Pingo Doce",
        "Preco": 1,
        "Unidade_Info": "2 Kg | 0,5 €/Kg",
        "Categorias_GTM": "Categoria Referência SFCC, Congelados, Gelo, As Nossas Marcas, Pingo Doce",
        "Data_Coleta": "2025-06-01 01:53:05"
    },
    {
        "ID_Produto": "973058",
        "Categoria_Scraping": "congelados",
        "Nome": "Hambúrguer de Frango Congelado",
        "Marca": "Pingo Doce",
        "Preco": 3.19,
        "Unidade_Info": "0.32 Kg | 9,97 €/Kg",
        "Categorias_GTM": "As Nossas Marcas, Pingo Doce, Congelados, Hambúgueres, Refeições",
        "Data_Coleta": "2025-06-01 01:53:05"
    },
    {
        "ID_Produto": "753483",
        "Categoria_Scraping": "congelados",
        "Nome": "Jardineira de Vegetais Congelada",
        "Marca": "Pingo Doce",
        "Preco": 0.84,
        "Unidade_Info": "0.75 Kg | 1,12 €/Kg",
        "Categorias_GTM": "Categoria Referência SFCC, Congelados, Frutas e Vegetais, Vegetais, As Nossas Marcas",
        "Data_Coleta": "2025-06-01 01:53:05"
    },
    {
        "ID_Produto": "753484",
        "Categoria_Scraping": "congelados",
        "Nome": "Macedónia de Vegetais Congelada",
        "Marca": "Pingo Doce",
        "Preco": 1.59,
        "Unidade_Info": "0.75 Kg | 2,12 €/Kg",
        "Categorias_GTM": "As Nossas Marcas, Pingo Doce, Categoria Referência SFCC, Congelados, Frutas e Vegetais",
        "Data_Coleta": "2025-06-01 01:53:05"
    },
    {
        "ID_Produto": "524455",
        "Categoria_Scraping": "congelados",
        "Nome": "Maruca a Granel Congelada",
        "Marca": "Nossa Peixaria",
        "Preco": 9.49,
        "Unidade_Info": "1.5 Kg",
        "Categorias_GTM": "Promoções, Categoria Referência SFCC, Congelados, Peixe, Peixe",
        "Data_Coleta": "2025-06-01 01:53:05"
    },
    {
        "ID_Produto": "766284",
        "Categoria_Scraping": "congelados",
        "Nome": "Miolo de Ameijoa Congelado",
        "Marca": "Pingo Doce",
        "Preco": 2.99,
        "Unidade_Info": "0.25 Kg | 11,96 €/Kg",
        "Categorias_GTM": "Categoria Referência SFCC, As Nossas Marcas, Pingo Doce, Congelados, Marisco",
        "Data_Coleta": "2025-06-01 01:53:05"
    },
    {
        "ID_Produto": "928752",
        "Categoria_Scraping": "congelados",
        "Nome": "Miolo de Camarão 30/50 Congelado",
        "Marca": "Mar Ibérica",
        "Preco": 5.89,
        "Unidade_Info": "0.3 Kg | 19,63 €/Kg",
        "Categorias_GTM": "Congelados, Marisco, Categoria Referência SFCC",
        "Data_Coleta": "2025-06-01 01:53:05"
    },
    {
        "ID_Produto": "928751",
        "Categoria_Scraping": "congelados",
        "Nome": "Miolo de Camarão 50/70 Congelado",
        "Marca": "Mar Ibérica",
        "Preco": 4.99,
        "Unidade_Info": "0.3 Kg | 16,63 €/Kg",
        "Categorias_GTM": "Congelados, Marisco, Categoria Referência SFCC",
        "Data_Coleta": "2025-06-01 01:53:05"
    },
    {
        "ID_Produto": "907045",
        "Categoria_Scraping": "congelados",
        "Nome": "Miolo de Gambão Congelado",
        "Marca": "Nossa Peixaria",
        "Preco": 9.99,
        "Unidade_Info": "0.3 Kg | 33,3 €/Kg",
        "Categorias_GTM": "Congelados, Marisco, Categoria Referência SFCC",
        "Data_Coleta": "2025-06-01 01:53:05"
    },
    {
        "ID_Produto": "733258",
        "Categoria_Scraping": "congelados",
        "Nome": "Miolo de Mexilhão",
        "Marca": "Pingo Doce",
        "Preco": 1.99,
        "Unidade_Info": "0.25 Kg | 7,96 €/Kg",
        "Categorias_GTM": "Congelados, Marisco, As Nossas Marcas, Pingo Doce, Categoria Referência SFCC",
        "Data_Coleta": "2025-06-01 01:53:05"
    },
    {
        "ID_Produto": "865159",
        "Categoria_Scraping": "congelados",
        "Nome": "Mirtilos Congelados",
        "Marca": "Pingo Doce",
        "Preco": 1.99,
        "Unidade_Info": "0.25 Kg | 7,96 €/Kg",
        "Categorias_GTM": "Congelados, Frutas e Polpas, Frutas e Vegetais, Categoria Referência SFCC, As Nossas Marcas",
        "Data_Coleta": "2025-06-01 01:53:05"
    },
    {
        "ID_Produto": "945223",
        "Categoria_Scraping": "congelados",
        "Nome": "Mistura Legumes Oriental Congelados",
        "Marca": "Pingo Doce",
        "Preco": 0.89,
        "Unidade_Info": "0.38 Kg | 2,34 €/Kg",
        "Categorias_GTM": "As Nossas Marcas, Pingo Doce, Categoria Referência SFCC, Congelados, Frutas e Vegetais",
        "Data_Coleta": "2025-06-01 01:53:12"
    },
    {
        "ID_Produto": "837010",
        "Categoria_Scraping": "congelados",
        "Nome": "Nuggets de Frango Congelados",
        "Marca": "Capitão Iglo",
        "Preco": 2.99,
        "Unidade_Info": "0.208 Kg | 14,38 €/Kg",
        "Categorias_GTM": "Congelados, Barrinhas, Nuggets e Panados, Refeições, Categoria Referência SFCC, Poupe Esta Semana",
        "Data_Coleta": "2025-06-01 01:53:12"
    },
    {
        "ID_Produto": "944560",
        "Categoria_Scraping": "congelados",
        "Nome": "Pão de Alho e Ervas Congelado",
        "Marca": "Pingo Doce",
        "Preco": 1.59,
        "Unidade_Info": "0.35 Kg | 4,54 €/Kg",
        "Categorias_GTM": "As Nossas Marcas, Pingo Doce, Categoria Referência SFCC, Congelados, Salgados e Aperitivos",
        "Data_Coleta": "2025-06-01 01:53:12"
    },
    {
        "ID_Produto": "977332",
        "Categoria_Scraping": "congelados",
        "Nome": "Pastéis de Chaves Congelados",
        "Marca": "Pingo Doce Iguarias",
        "Preco": 3.99,
        "Unidade_Info": "0.36 Kg | 11,08 €/Kg",
        "Categorias_GTM": "As Nossas Iguarias, As Nossas Marcas, Congelados, Salgados e Aperitivos, Categoria Referência SFCC",
        "Data_Coleta": "2025-06-01 01:53:12"
    },
    {
        "ID_Produto": "662933",
        "Categoria_Scraping": "congelados",
        "Nome": "Pescada Grande do Chile a Granel Congelada",
        "Marca": "Nossa Peixaria",
        "Preco": 9.99,
        "Unidade_Info": "1.2 Kg",
        "Categorias_GTM": "Promoções, Poupe Esta Semana, Categoria Referência SFCC, Congelados, Peixe",
        "Data_Coleta": "2025-06-01 01:53:12"
    },
    {
        "ID_Produto": "562919",
        "Categoria_Scraping": "congelados",
        "Nome": "Pescada Média da África do Sul a Granel Congelada",
        "Marca": "Nossa Peixaria",
        "Preco": 5.99,
        "Unidade_Info": "0.7 Kg",
        "Categorias_GTM": "Categoria Referência SFCC, Promoções, Congelados, Peixe, Peixe",
        "Data_Coleta": "2025-06-01 01:53:12"
    },
    {
        "ID_Produto": "937286",
        "Categoria_Scraping": "congelados",
        "Nome": "Pizza Deep Pan Pepperoni e Fiambre",
        "Marca": "Pingo Doce",
        "Preco": 3.69,
        "Unidade_Info": "0.53 Kg | 6,96 €/Kg",
        "Categorias_GTM": "As Nossas Marcas, Pingo Doce, Categoria Referência SFCC, Congelados, Pizza",
        "Data_Coleta": "2025-06-01 01:53:12"
    },
    {
        "ID_Produto": "923387",
        "Categoria_Scraping": "congelados",
        "Nome": "Pizza Deep Pan Queijos",
        "Marca": "Pingo Doce",
        "Preco": 3.69,
        "Unidade_Info": "0.5 Kg | 7,38 €/Kg",
        "Categorias_GTM": "As Nossas Marcas, Pingo Doce, Categoria Referência SFCC, Congelados, Pizza",
        "Data_Coleta": "2025-06-01 01:53:12"
    },
    {
        "ID_Produto": "496148",
        "Categoria_Scraping": "congelados",
        "Nome": "Pizza Hawai",
        "Marca": "Casa di Mama",
        "Preco": 4.99,
        "Unidade_Info": "0.355 Kg | 14,06 €/Kg",
        "Categorias_GTM": "Categoria Referência SFCC, Congelados, Pizza, Refeições",
        "Data_Coleta": "2025-06-01 01:53:12"
    },
    {
        "ID_Produto": "594352",
        "Categoria_Scraping": "congelados",
        "Nome": "Pizza Hawaiana Forno Lenha",
        "Marca": "Pingo Doce",
        "Preco": 2.39,
        "Unidade_Info": "0.35 Kg | 6,83 €/Kg",
        "Categorias_GTM": "As Nossas Marcas, Pingo Doce, Categoria Referência SFCC, Congelados, Pizza",
        "Data_Coleta": "2025-06-01 01:53:12"
    },
    {
        "ID_Produto": "594308",
        "Categoria_Scraping": "congelados",
        "Nome": "Pizza Margherita Forno Lenha",
        "Marca": "Pingo Doce",
        "Preco": 2.39,
        "Unidade_Info": "0.6 Kg | 3,98 €/Kg",
        "Categorias_GTM": "As Nossas Marcas, Pingo Doce, Categoria Referência SFCC, Congelados, Pizza",
        "Data_Coleta": "2025-06-01 01:53:12"
    },
    {
        "ID_Produto": "943834",
        "Categoria_Scraping": "congelados",
        "Nome": "Pizza Mozzarella",
        "Marca": "Casa di Mama",
        "Preco": 4.99,
        "Unidade_Info": "0.355 Kg | 14,06 €/Kg",
        "Categorias_GTM": "Categoria Referência SFCC, Congelados, Pizza, Refeições",
        "Data_Coleta": "2025-06-01 01:53:12"
    },
    {
        "ID_Produto": "497471",
        "Categoria_Scraping": "congelados",
        "Nome": "Pizza Pepperoni e Salame",
        "Marca": "Casa di Mama",
        "Preco": 3.69,
        "Unidade_Info": "0.32 Kg | 11,53 €/Kg",
        "Categorias_GTM": "Categoria Referência SFCC, Congelados, Pizza, Refeições, Poupe Esta Semana",
        "Data_Coleta": "2025-06-01 01:53:18"
    },
    {
        "ID_Produto": "594350",
        "Categoria_Scraping": "congelados",
        "Nome": "Pizza Romana Forno Lenha",
        "Marca": "Pingo Doce",
        "Preco": 2.39,
        "Unidade_Info": "0.35 Kg | 6,83 €/Kg",
        "Categorias_GTM": "Categoria Referência SFCC, Congelados, Pizza, Refeições, As Nossas Marcas",
        "Data_Coleta": "2025-06-01 01:53:18"
    },
    {
        "ID_Produto": "941918",
        "Categoria_Scraping": "congelados",
        "Nome": "Posta de Maruca Congelada",
        "Marca": "Nossa Peixaria",
        "Preco": 10.99,
        "Unidade_Info": "0.25 Kg",
        "Categorias_GTM": "Categoria Referência SFCC, Congelados, Peixe, Peixe, Promoções",
        "Data_Coleta": "2025-06-01 01:53:18"
    },
    {
        "ID_Produto": "879641",
        "Categoria_Scraping": "congelados",
        "Nome": "Posta de Solha para Fritar Congelada",
        "Marca": "Nossa Peixaria",
        "Preco": 4.99,
        "Unidade_Info": "0.8 Un | 6,24 €/Un",
        "Categorias_GTM": "Congelados, Peixe, Peixe, Categoria Referência SFCC",
        "Data_Coleta": "2025-06-01 01:53:18"
    },
    {
        "ID_Produto": "697524",
        "Categoria_Scraping": "congelados",
        "Nome": "Postas de Peixe Espada Preto Congelado",
        "Marca": "Nossa Peixaria",
        "Preco": 8.99,
        "Unidade_Info": "0.7 Kg | 12,84 €/Kg",
        "Categorias_GTM": "Peixe, Congelados, Peixe, Categoria Referência SFCC",
        "Data_Coleta": "2025-06-01 01:53:18"
    },
    {
        "ID_Produto": "945102",
        "Categoria_Scraping": "congelados",
        "Nome": "Postas de Pescada do Cabo para Fritar Congelada",
        "Marca": "Nossa Peixaria",
        "Preco": 5.49,
        "Unidade_Info": "0.7 Kg | 7,84 €/Kg",
        "Categorias_GTM": "Categoria Referência SFCC, Congelados, Peixe, Peixe",
        "Data_Coleta": "2025-06-01 01:53:18"
    },
    {
        "ID_Produto": "806029",
        "Categoria_Scraping": "congelados",
        "Nome": "Postas de Red Fish Congelada",
        "Marca": "Nossa Peixaria",
        "Preco": 4.99,
        "Unidade_Info": "0.8 Kg | 6,24 €/Kg",
        "Categorias_GTM": "Congelados, Peixe, Peixe, Categoria Referência SFCC",
        "Data_Coleta": "2025-06-01 01:53:18"
    },
    {
        "ID_Produto": "962941",
        "Categoria_Scraping": "congelados",
        "Nome": "Preparado Arroz de Tamboril Congelado",
        "Marca": "Nossa Peixaria",
        "Preco": 6.99,
        "Unidade_Info": "0.6 Kg | 11,65 €/Kg",
        "Categorias_GTM": "Congelados, Peixe, Peixe, Categoria Referência SFCC",
        "Data_Coleta": "2025-06-01 01:53:18"
    },
    {
        "ID_Produto": "468365",
        "Categoria_Scraping": "congelados",
        "Nome": "Rissóis Camarão Congelados",
        "Marca": "Pingo Doce",
        "Preco": 2.19,
        "Unidade_Info": "0.5 Kg | 4,38 €/Kg",
        "Categorias_GTM": "Categoria Referência SFCC, Congelados, Salgados e Aperitivos, As Nossas Marcas, Pingo Doce",
        "Data_Coleta": "2025-06-01 01:53:18"
    },
    {
        "ID_Produto": "468364",
        "Categoria_Scraping": "congelados",
        "Nome": "Rissóis de Carne Congelados",
        "Marca": "Pingo Doce",
        "Preco": 1.79,
        "Unidade_Info": "0.42 Kg | 4,26 €/Kg",
        "Categorias_GTM": "As Nossas Marcas, Pingo Doce, Categoria Referência SFCC, Congelados, Salgados e Aperitivos",
        "Data_Coleta": "2025-06-01 01:53:18"
    },
    {
        "ID_Produto": "812460",
        "Categoria_Scraping": "congelados",
        "Nome": "Rissóis de Leitão Fré-Fritos Congelados",
        "Marca": "Pingo Doce",
        "Preco": 2.99,
        "Unidade_Info": "0.34 Kg | 8,79 €/Kg",
        "Categorias_GTM": "As Nossas Marcas, Pingo Doce, Categoria Referência SFCC, Congelados, Salgados e Aperitivos",
        "Data_Coleta": "2025-06-01 01:53:18"
    },
    {
        "ID_Produto": "664455",
        "Categoria_Scraping": "congelados",
        "Nome": "Tagliatelle Carbonara Congelada",
        "Marca": "Pingo Doce",
        "Preco": 2.39,
        "Unidade_Info": "0.3 Kg | 7,97 €/Kg",
        "Categorias_GTM": "As Nossas Marcas, Pingo Doce, Categoria Referência SFCC, Congelados, Refeições",
        "Data_Coleta": "2025-06-01 01:53:18"
    },
    {
        "ID_Produto": "920412",
        "Categoria_Scraping": "congelados",
        "Nome": "Tiras de Pota Panadas",
        "Marca": "Nossa Peixaria",
        "Preco": 4.49,
        "Unidade_Info": "0.5 Kg | 8,98 €/Kg",
        "Categorias_GTM": "Congelados, Peixe, Polvo, Lulas e Chocos, Categoria Referência SFCC",
        "Data_Coleta": "2025-06-01 01:53:25"
    },
    {
        "ID_Produto": "734984",
        "Categoria_Scraping": "congelados",
        "Nome": "Amêijoa Vietnamita Castanha a Granel Congelada",
        "Marca": "Nossa Peixaria",
        "Preco": 2.99,
        "Unidade_Info": "0.5 Kg",
        "Categorias_GTM": "Poupe Esta Semana, Categoria Referência SFCC, Congelados, Marisco, Promoções",
        "Data_Coleta": "2025-06-01 01:53:25"
    },
    {
        "ID_Produto": "941975",
        "Categoria_Scraping": "congelados",
        "Nome": "Lula a Granel Congelada",
        "Marca": "Nossa Peixaria",
        "Preco": 4.99,
        "Unidade_Info": "0.07 Kg",
        "Categorias_GTM": "Congelados, Peixe, Polvo, Lulas e Chocos, Categoria Referência SFCC, Promoções",
        "Data_Coleta": "2025-06-01 01:53:25"
    },
    {
        "ID_Produto": "953186",
        "Categoria_Scraping": "congelados",
        "Nome": "Miolo de Camarão 60/70 Congelado",
        "Marca": "Nossa Peixaria",
        "Preco": 3.99,
        "Unidade_Info": "0.18 Kg | 22,17 €/Kg",
        "Categorias_GTM": "Categoria Referência SFCC, Congelados, Marisco",
        "Data_Coleta": "2025-06-01 01:53:25"
    },
    {
        "ID_Produto": "272452",
        "Categoria_Scraping": "congelados",
        "Nome": "Pato Inteiro com Miúdos Congelado",
        "Marca": "Pingo Doce",
        "Preco": 4.48,
        "Unidade_Info": "2.2 Kg",
        "Categorias_GTM": "As Nossas Marcas, Pingo Doce, Carne, Congelados, Categoria Referência SFCC",
        "Data_Coleta": "2025-06-01 01:53:25"
    },
    {
        "ID_Produto": "564149",
        "Categoria_Scraping": "congelados",
        "Nome": "Sardinha Congelada",
        "Marca": "Nossa Peixaria",
        "Preco": 4.99,
        "Unidade_Info": "1 Kg",
        "Categorias_GTM": "Categoria Referência SFCC, Congelados, Peixe, Peixe",
        "Data_Coleta": "2025-06-01 01:53:25"
    },
    {
        "ID_Produto": "844846",
        "Categoria_Scraping": "congelados",
        "Nome": "Sardinha Pequena para Fritar Congelada",
        "Marca": "Nossa Peixaria",
        "Preco": 2.99,
        "Unidade_Info": "0.5 Un | 5,98 €/Un",
        "Categorias_GTM": "Categoria Referência SFCC, Congelados, Peixe, Peixe",
        "Data_Coleta": "2025-06-01 01:53:25"
    },
    {
        "ID_Produto": "877335",
        "Categoria_Scraping": "congelados",
        "Nome": "Camarão Panado Congelado",
        "Marca": "Pingo Doce Iguarias",
        "Preco": 3.99,
        "Unidade_Info": "0.2 Kg | 19,95 €/Kg",
        "Categorias_GTM": "As Nossas Iguarias, As Nossas Marcas, Congelados, Refeições, Categoria Referência SFCC",
        "Data_Coleta": "2025-06-01 01:53:25"
    },
    {
        "ID_Produto": "529882",
        "Categoria_Scraping": "congelados",
        "Nome": "Chamuças de Carne Congeladas",
        "Marca": "Pingo Doce",
        "Preco": 2.45,
        "Unidade_Info": "0.24 Kg | 10,21 €/Kg",
        "Categorias_GTM": "Categoria Referência SFCC, Congelados, Refeições, As Nossas Marcas, Pingo Doce",
        "Data_Coleta": "2025-06-01 01:53:25"
    },
    {
        "ID_Produto": "746073",
        "Categoria_Scraping": "congelados",
        "Nome": "Gelado Baunilha",
        "Marca": "Pingo Doce",
        "Preco": 2.74,
        "Unidade_Info": "1 L | 2,74 €/L",
        "Categorias_GTM": "Categoria Referência SFCC, Congelados, Gelados, As Nossas Marcas, Pingo Doce",
        "Data_Coleta": "2025-06-01 01:53:25"
    },
    {
        "ID_Produto": "865158",
        "Categoria_Scraping": "congelados",
        "Nome": "Gelado Caramelo Salgado",
        "Marca": "Pingo Doce",
        "Preco": 2.79,
        "Unidade_Info": "0.95 L | 2,94 €/L",
        "Categorias_GTM": "Congelados, Gelados, As Nossas Marcas, Pingo Doce, Categoria Referência SFCC",
        "Data_Coleta": "2025-06-01 01:53:25"
    },
    {
        "ID_Produto": "39237",
        "Categoria_Scraping": "congelados",
        "Nome": "Gelado Chocolate",
        "Marca": "Pingo Doce",
        "Preco": 2.89,
        "Unidade_Info": "1 L | 2,89 €/L",
        "Categorias_GTM": "Congelados, Gelados, As Nossas Marcas, Pingo Doce, Categoria Referência SFCC",
        "Data_Coleta": "2025-06-01 01:53:25"
    },
    {
        "ID_Produto": "976502",
        "Categoria_Scraping": "congelados",
        "Nome": "Gelado Cookie Dough",
        "Marca": "Pingo Doce",
        "Preco": 3.49,
        "Unidade_Info": "0.5 L | 6,98 €/L",
        "Categorias_GTM": "As Nossas Marcas, Pingo Doce, Congelados, Gelados, Categoria Referência SFCC",
        "Data_Coleta": "2025-06-01 01:53:32"
    },
    {
        "ID_Produto": "976506",
        "Categoria_Scraping": "congelados",
        "Nome": "Gelado Crocante Avelã",
        "Marca": "Pingo Doce",
        "Preco": 3.29,
        "Unidade_Info": "0.3 L | 10,97 €/L",
        "Categorias_GTM": "Pingo Doce, As Nossas Marcas, Congelados, Gelados, Categoria Referência SFCC",
        "Data_Coleta": "2025-06-01 01:53:32"
    },
    {
        "ID_Produto": "755209",
        "Categoria_Scraping": "congelados",
        "Nome": "Gelado de Café, Chocolate e Caramelo",
        "Marca": "Pingo Doce",
        "Preco": 2.79,
        "Unidade_Info": "0.95 L | 2,94 €/L",
        "Categorias_GTM": "Categoria Referência SFCC, Congelados, Gelados, As Nossas Marcas, Pingo Doce",
        "Data_Coleta": "2025-06-01 01:53:32"
    },
    {
        "ID_Produto": "988747",
        "Categoria_Scraping": "congelados",
        "Nome": "Gelado Fruit Mix",
        "Marca": "Pingo Doce",
        "Preco": 2.49,
        "Unidade_Info": "0.34 L | 7,32 €/L",
        "Categorias_GTM": "Congelados, Gelados, As Nossas Marcas, Pingo Doce, Categoria Referência SFCC",
        "Data_Coleta": "2025-06-01 01:53:32"
    },
    {
        "ID_Produto": "976863",
        "Categoria_Scraping": "congelados",
        "Nome": "Gelado Majestic Amêndoas",
        "Marca": "Pingo Doce",
        "Preco": 3.59,
        "Unidade_Info": "0.72 L | 4,99 €/L",
        "Categorias_GTM": "As Nossas Marcas, Pingo Doce, Congelados, Gelados, Categoria Referência SFCC",
        "Data_Coleta": "2025-06-01 01:53:32"
    },
    {
        "ID_Produto": "976864",
        "Categoria_Scraping": "congelados",
        "Nome": "Gelado Majestic Clássico",
        "Marca": "Pingo Doce",
        "Preco": 3.59,
        "Unidade_Info": "0.72 L | 4,99 €/L",
        "Categorias_GTM": "As Nossas Marcas, Pingo Doce, Categoria Referência SFCC, Congelados, Gelados",
        "Data_Coleta": "2025-06-01 01:53:32"
    },
    {
        "ID_Produto": "976862",
        "Categoria_Scraping": "congelados",
        "Nome": "Gelado Majestic Cookies",
        "Marca": "Pingo Doce",
        "Preco": 3.59,
        "Unidade_Info": "0.6 L | 5,98 €/L",
        "Categorias_GTM": "As Nossas Marcas, Pingo Doce, Gelados, Congelados, Categoria Referência SFCC",
        "Data_Coleta": "2025-06-01 01:53:32"
    },
    {
        "ID_Produto": "974228",
        "Categoria_Scraping": "congelados",
        "Nome": "Gelado Majestic Limão",
        "Marca": "Pingo Doce",
        "Preco": 3.69,
        "Unidade_Info": "0.6 L | 6,15 €/L",
        "Categorias_GTM": "As Nossas Marcas, Pingo Doce, Congelados, Gelados, Categoria Referência SFCC",
        "Data_Coleta": "2025-06-01 01:53:32"
    },
    {
        "ID_Produto": "976505",
        "Categoria_Scraping": "congelados",
        "Nome": "Gelado Meios Cocos",
        "Marca": "Pingo Doce",
        "Preco": 2.79,
        "Unidade_Info": "0.29 L | 9,62 €/L",
        "Categorias_GTM": "Pingo Doce, As Nossas Marcas, Congelados, Gelados, Categoria Referência SFCC",
        "Data_Coleta": "2025-06-01 01:53:32"
    },
    {
        "ID_Produto": "656612",
        "Categoria_Scraping": "congelados",
        "Nome": "Gelado Menta e Chocolate",
        "Marca": "Pingo Doce",
        "Preco": 2.79,
        "Unidade_Info": "0.95 L | 2,94 €/L",
        "Categorias_GTM": "As Nossas Marcas, Pingo Doce, Categoria Referência SFCC, Congelados, Gelados",
        "Data_Coleta": "2025-06-01 01:53:32"
    },
    {
        "ID_Produto": "975473",
        "Categoria_Scraping": "congelados",
        "Nome": "Gelado Mini Majestic Duplo Caramelo",
        "Marca": "Pingo Doce",
        "Preco": 3.49,
        "Unidade_Info": "0.33 L | 10,58 €/L",
        "Categorias_GTM": "As Nossas Marcas, Pingo Doce, Congelados, Gelados, Categoria Referência SFCC",
        "Data_Coleta": "2025-06-01 01:53:32"
    },
    {
        "ID_Produto": "975753",
        "Categoria_Scraping": "congelados",
        "Nome": "Gelado Mini Majestic Duplo Chocolate",
        "Marca": "Pingo Doce",
        "Preco": 3.49,
        "Unidade_Info": "0.33 L | 10,58 €/L",
        "Categorias_GTM": "As Nossas Marcas, Pingo Doce, Congelados, Gelados",
        "Data_Coleta": "2025-06-01 01:53:32"
    },
    {
        "ID_Produto": "988987",
        "Categoria_Scraping": "congelados",
        "Nome": "Gelado Mini Sandwich Avelã",
        "Marca": "Pingo Doce",
        "Preco": 2.99,
        "Unidade_Info": "0.51 L | 5,86 €/L",
        "Categorias_GTM": "Congelados, Gelados, As Nossas Marcas, Pingo Doce, Categoria Referência SFCC",
        "Data_Coleta": "2025-06-01 01:53:39"
    },
    {
        "ID_Produto": "974247",
        "Categoria_Scraping": "congelados",
        "Nome": "Gelado Mochi Limão",
        "Marca": "Pingo Doce",
        "Preco": 2.99,
        "Unidade_Info": "0.14 Kg | 21,36 €/Kg",
        "Categorias_GTM": "As Nossas Marcas, Pingo Doce, Congelados, Gelados, Categoria Referência SFCC",
        "Data_Coleta": "2025-06-01 01:53:39"
    },
    {
        "ID_Produto": "961131",
        "Categoria_Scraping": "congelados",
        "Nome": "Gelado Mochi Morango",
        "Marca": "Pingo Doce",
        "Preco": 2.99,
        "Unidade_Info": "0.14 Kg | 21,36 €/Kg",
        "Categorias_GTM": "As Nossas Marcas, Pingo Doce, Congelados, Gelados, Categoria Referência SFCC",
        "Data_Coleta": "2025-06-01 01:53:39"
    },
    {
        "ID_Produto": "39238",
        "Categoria_Scraping": "congelados",
        "Nome": "Gelado Morango Pingo Doce 1000 ml",
        "Marca": "Pingo Doce",
        "Preco": 2.69,
        "Unidade_Info": "1 L | 2,69 €/L",
        "Categorias_GTM": "Congelados, Gelados, As Nossas Marcas, Pingo Doce, Categoria Referência SFCC",
        "Data_Coleta": "2025-06-01 01:53:39"
    },
    {
        "ID_Produto": "962383",
        "Categoria_Scraping": "congelados",
        "Nome": "Gelado Pirulitos",
        "Marca": "Pingo Doce",
        "Preco": 1.99,
        "Unidade_Info": "0.368 L | 5,41 €/L",
        "Categorias_GTM": "Congelados, Gelados, As Nossas Marcas, Pingo Doce, Categoria Referência SFCC",
        "Data_Coleta": "2025-06-01 01:53:39"
    },
    {
        "ID_Produto": "970201",
        "Categoria_Scraping": "congelados",
        "Nome": "Gelado Pistácio",
        "Marca": "Pingo Doce",
        "Preco": 3.99,
        "Unidade_Info": "0.5 L | 7,98 €/L",
        "Categorias_GTM": "As Nossas Marcas, Pingo Doce, Congelados, Gelados, Categoria Referência SFCC",
        "Data_Coleta": "2025-06-01 01:53:39"
    },
    {
        "ID_Produto": "910855",
        "Categoria_Scraping": "congelados",
        "Nome": "Gelado Proteína Caramelo Salgado",
        "Marca": "Go Active",
        "Preco": 3.29,
        "Unidade_Info": "0.5 L | 6,58 €/L",
        "Categorias_GTM": "Congelados, Gelados, As Nossas Marcas, Go Active, Categoria Referência SFCC",
        "Data_Coleta": "2025-06-01 01:53:39"
    },
    {
        "ID_Produto": "821625",
        "Categoria_Scraping": "congelados",
        "Nome": "Gelados Cones Caramelo e Baunilha",
        "Marca": "Pingo Doce",
        "Preco": 2.69,
        "Unidade_Info": "0.72 L | 3,74 €/L",
        "Categorias_GTM": "Congelados, Gelados, As Nossas Marcas, Pingo Doce, Categoria Referência SFCC",
        "Data_Coleta": "2025-06-01 01:53:39"
    },
    {
        "ID_Produto": "658097",
        "Categoria_Scraping": "congelados",
        "Nome": "Gelados Cones Chocolate",
        "Marca": "Pingo Doce",
        "Preco": 2.69,
        "Unidade_Info": "0.72 L | 3,74 €/L",
        "Categorias_GTM": "As Nossas Marcas, Pingo Doce, Categoria Referência SFCC, Congelados, Gelados",
        "Data_Coleta": "2025-06-01 01:53:39"
    },
    {
        "ID_Produto": "658963",
        "Categoria_Scraping": "congelados",
        "Nome": "Gelados Cones Clássicos",
        "Marca": "Pingo Doce",
        "Preco": 2.69,
        "Unidade_Info": "0.72 L | 3,74 €/L",
        "Categorias_GTM": "Categoria Referência SFCC, As Nossas Marcas, Pingo Doce, Congelados, Gelados",
        "Data_Coleta": "2025-06-01 01:53:39"
    },
    {
        "ID_Produto": "658098",
        "Categoria_Scraping": "congelados",
        "Nome": "Gelados Cones Morango",
        "Marca": "Pingo Doce",
        "Preco": 2.69,
        "Unidade_Info": "0.72 L | 3,74 €/L",
        "Categorias_GTM": "Categoria Referência SFCC, As Nossas Marcas, Pingo Doce, Congelados, Gelados",
        "Data_Coleta": "2025-06-01 01:53:39"
    },
    {
        "ID_Produto": "419521",
        "Categoria_Scraping": "congelados",
        "Nome": "Gelado Seleção Caramelo",
        "Marca": "Pingo Doce",
        "Preco": 2.79,
        "Unidade_Info": "0.95 L | 2,94 €/L",
        "Categorias_GTM": "Congelados, Gelados, As Nossas Marcas, Pingo Doce, Categoria Referência SFCC",
        "Data_Coleta": "2025-06-01 01:53:39"
    },
    {
        "ID_Produto": "419526",
        "Categoria_Scraping": "congelados",
        "Nome": "Gelado Seleção Stracciatella",
        "Marca": "Pingo Doce",
        "Preco": 2.79,
        "Unidade_Info": "0.95 L | 2,94 €/L",
        "Categorias_GTM": "Congelados, Gelados, As Nossas Marcas, Pingo Doce, Categoria Referência SFCC",
        "Data_Coleta": "2025-06-01 01:53:46"
    },
    {
        "ID_Produto": "527533",
        "Categoria_Scraping": "congelados",
        "Nome": "Gelado Sensações Duo Chocolate",
        "Marca": "Pingo Doce",
        "Preco": 2.79,
        "Unidade_Info": "0.95 L | 2,94 €/L",
        "Categorias_GTM": "Categoria Referência SFCC, Congelados, Gelados, As Nossas Marcas, Pingo Doce",
        "Data_Coleta": "2025-06-01 01:53:46"
    },
    {
        "ID_Produto": "821647",
        "Categoria_Scraping": "congelados",
        "Nome": "Gelados Mini Majestic Amêndoas",
        "Marca": "Pingo Doce",
        "Preco": 3.19,
        "Unidade_Info": "0.48 L | 6,65 €/L",
        "Categorias_GTM": "Congelados, Gelados, As Nossas Marcas, Pingo Doce, Categoria Referência SFCC",
        "Data_Coleta": "2025-06-01 01:53:46"
    },
    {
        "ID_Produto": "437830",
        "Categoria_Scraping": "congelados",
        "Nome": "Gelado Strawberry Cheesecake",
        "Marca": "Pingo Doce",
        "Preco": 2.79,
        "Unidade_Info": "0.95 L | 2,94 €/L",
        "Categorias_GTM": "Congelados, Gelados, As Nossas Marcas, Pingo Doce, Categoria Referência SFCC",
        "Data_Coleta": "2025-06-01 01:53:46"
    },
    {
        "ID_Produto": "774976",
        "Categoria_Scraping": "congelados",
        "Nome": "Gelados Tubitos Limão e Morango",
        "Marca": "Pingo Doce",
        "Preco": 2.79,
        "Unidade_Info": "0.66 L | 4,23 €/L",
        "Categorias_GTM": "As Nossas Marcas, Pingo Doce, Categoria Referência SFCC, Gelados, Congelados",
        "Data_Coleta": "2025-06-01 01:53:46"
    },
    {
        "ID_Produto": "961275",
        "Categoria_Scraping": "congelados",
        "Nome": "Gelado Tiramisu",
        "Marca": "Pingo Doce",
        "Preco": 2.79,
        "Unidade_Info": "0.95 L | 2,94 €/L",
        "Categorias_GTM": "As Nossas Marcas, Pingo Doce, Congelados, Gelados, Categoria Referência SFCC",
        "Data_Coleta": "2025-06-01 01:53:46"
    },
    {
        "ID_Produto": "977862",
        "Categoria_Scraping": "congelados",
        "Nome": "Gelado Tripla Delícia",
        "Marca": "Pingo Doce",
        "Preco": 2.99,
        "Unidade_Info": "2 L | 1,5 €/L",
        "Categorias_GTM": "As Nossas Marcas, Pingo Doce, Congelados, Gelados, Categoria Referência SFCC",
        "Data_Coleta": "2025-06-01 01:53:46"
    },
    {
        "ID_Produto": "984567",
        "Categoria_Scraping": "congelados",
        "Nome": "Lasanha Bolonhesa Congelada",
        "Marca": "Pingo Doce",
        "Preco": 2.29,
        "Unidade_Info": "0.4 Kg | 5,73 €/Kg",
        "Categorias_GTM": "Congelados, Refeições, Refeições Congeladas, As Nossas Marcas, Pingo Doce",
        "Data_Coleta": "2025-06-01 01:53:46"
    },
    {
        "ID_Produto": "559492",
        "Categoria_Scraping": "congelados",
        "Nome": "Profiteroles Congelados",
        "Marca": "Pingo Doce",
        "Preco": 2.89,
        "Unidade_Info": "0.3 Kg | 9,63 €/Kg",
        "Categorias_GTM": "Categoria Referência SFCC, Congelados, Sobremesas, As Nossas Marcas, Pingo Doce",
        "Data_Coleta": "2025-06-01 01:53:46"
    },
    {
        "ID_Produto": "956782",
        "Categoria_Scraping": "congelados",
        "Nome": "Sorbet de Manga",
        "Marca": "Pingo Doce Iguarias",
        "Preco": 2.99,
        "Unidade_Info": "1 L | 2,99 €/L",
        "Categorias_GTM": "Categoria Referência SFCC, As Nossas Iguarias, As Nossas Marcas, Congelados, Gelados",
        "Data_Coleta": "2025-06-01 01:53:46"
    },
    {
        "ID_Produto": "958601",
        "Categoria_Scraping": "congelados",
        "Nome": "Sorbet de Morango",
        "Marca": "Pingo Doce Iguarias",
        "Preco": 3.49,
        "Unidade_Info": "1 L | 3,49 €/L",
        "Categorias_GTM": "As Nossas Iguarias, As Nossas Marcas, Congelados, Gelados, Categoria Referência SFCC",
        "Data_Coleta": "2025-06-01 01:53:46"
    },
    {
        "ID_Produto": "978195",
        "Categoria_Scraping": "congelados",
        "Nome": "Sorbet Framboesa",
        "Marca": "Pingo Doce Iguarias",
        "Preco": 3.69,
        "Unidade_Info": "1 L | 3,69 €/L",
        "Categorias_GTM": "As Nossas Iguarias, As Nossas Marcas, Gelados, Congelados, Categoria Referência SFCC",
        "Data_Coleta": "2025-06-01 01:53:46"
    },
    {
        "ID_Produto": "622767",
        "Categoria_Scraping": "congelados",
        "Nome": "Tarte Gelada Capuccino",
        "Marca": "Pingo Doce",
        "Preco": 2.39,
        "Unidade_Info": "1 L | 2,39 €/L",
        "Categorias_GTM": "As Nossas Marcas, Pingo Doce, Categoria Referência SFCC, Congelados, Sobremesas",
        "Data_Coleta": "2025-06-01 01:53:53"
    },
    {
        "ID_Produto": "622766",
        "Categoria_Scraping": "congelados",
        "Nome": "Tarte Gelada Nata e Chocolate",
        "Marca": "Pingo Doce",
        "Preco": 2.39,
        "Unidade_Info": "1 L | 2,39 €/L",
        "Categorias_GTM": "Categoria Referência SFCC, Congelados, Sobremesas, As Nossas Marcas, Pingo Doce",
        "Data_Coleta": "2025-06-01 01:53:53"
    },
    {
        "ID_Produto": "622768",
        "Categoria_Scraping": "congelados",
        "Nome": "Tarte Gelada Nata e Morango",
        "Marca": "Pingo Doce",
        "Preco": 2.39,
        "Unidade_Info": "1 L | 2,39 €/L",
        "Categorias_GTM": "Categoria Referência SFCC, Congelados, Sobremesas, As Nossas Marcas, Pingo Doce",
        "Data_Coleta": "2025-06-01 01:53:53"
    },
    {
        "ID_Produto": "991381",
        "Categoria_Scraping": "congelados",
        "Nome": "Chicken Wings",
        "Marca": "Pingo Doce",
        "Preco": 4.59,
        "Unidade_Info": "0.5 Kg | 9,18 €/Kg",
        "Categorias_GTM": "As Nossas Marcas, Carne, Congelados, Pingo Doce, Categoria Referência SFCC",
        "Data_Coleta": "2025-06-01 01:53:53"
    },
    {
        "ID_Produto": "972830",
        "Categoria_Scraping": "congelados",
        "Nome": "Crocantes de Porco Cordon Bleu Congelados",
        "Marca": "Iglo",
        "Preco": 5.99,
        "Unidade_Info": "0.376 Kg | 15,93 €/Kg",
        "Categorias_GTM": "Poupe Esta Semana, Congelados, Barrinhas, Nuggets e Panados, Refeições, Promoções",
        "Data_Coleta": "2025-06-01 01:53:53"
    },
    {
        "ID_Produto": "638230",
        "Categoria_Scraping": "congelados",
        "Nome": "Delícias do Mar em Forma de Lagosta Congeladas",
        "Marca": "Pescanova",
        "Preco": 2.19,
        "Unidade_Info": "0.255 Kg | 8,59 €/Kg",
        "Categorias_GTM": "Poupe Esta Semana, Categoria Referência SFCC, Promoções, Congelados, Marisco",
        "Data_Coleta": "2025-06-01 01:53:53"
    },
    {
        "ID_Produto": "990979",
        "Categoria_Scraping": "congelados",
        "Nome": "Gelado 3 Sabores",
        "Marca": "Pingo Doce",
        "Preco": 2.59,
        "Unidade_Info": "1 L | 2,59 €/L",
        "Categorias_GTM": "As Nossas Marcas, Congelados, Gelados, Pingo Doce, Categoria Referência SFCC",
        "Data_Coleta": "2025-06-01 01:53:53"
    },
    {
        "ID_Produto": "975490",
        "Categoria_Scraping": "congelados",
        "Nome": "Gelado Baunilha e Pecan",
        "Marca": "Carte D'Or",
        "Preco": 3.59,
        "Unidade_Info": "0.825 L | 4,35 €/L",
        "Categorias_GTM": "N/A",
        "Data_Coleta": "2025-06-01 01:53:53"
    },
    {
        "ID_Produto": "990204",
        "Categoria_Scraping": "congelados",
        "Nome": "Gelado Baunilha Pecan Les Desserts",
        "Marca": "Carte D'Or",
        "Preco": 2.99,
        "Unidade_Info": "1.3 L | 2,3 €/L",
        "Categorias_GTM": "N/A",
        "Data_Coleta": "2025-06-01 01:53:53"
    },
    {
        "ID_Produto": "977983",
        "Categoria_Scraping": "congelados",
        "Nome": "Gelado Bombom Caramelo Salgado e Amêndoas",
        "Marca": "Magnum",
        "Preco": 3.59,
        "Unidade_Info": "0.204 L | 17,6 €/L",
        "Categorias_GTM": "Congelados, Gelados, Categoria Referência SFCC, Poupe Este Fim De Semana, Poupe Esta Semana",
        "Data_Coleta": "2025-06-01 01:53:53"
    },
    {
        "ID_Produto": "990584",
        "Categoria_Scraping": "congelados",
        "Nome": "Gelado Caramel & Nuts",
        "Marca": "Magnum",
        "Preco": 3.59,
        "Unidade_Info": "0.256 L | 14,02 €/L",
        "Categorias_GTM": "Congelados, Gelados, Poupe Esta Semana, Promoções, Categoria Referência SFCC",
        "Data_Coleta": "2025-06-01 01:53:53"
    },
    {
        "ID_Produto": "990205",
        "Categoria_Scraping": "congelados",
        "Nome": "Gelado Caramelo Billion",
        "Marca": "Magnum",
        "Preco": 3.59,
        "Unidade_Info": "0.256 L | 14,02 €/L",
        "Categorias_GTM": "Congelados, Gelados, Poupe Esta Semana, Promoções, Categoria Referência SFCC",
        "Data_Coleta": "2025-06-01 01:53:53"
    },
    {
        "ID_Produto": "971695",
        "Categoria_Scraping": "congelados",
        "Nome": "Gelado Chocolate Branco e Morango",
        "Marca": "Magnum",
        "Preco": 3.99,
        "Unidade_Info": "0.4 L | 9,98 €/L",
        "Categorias_GTM": "Congelados, Gelados, Poupe Esta Semana, Promoções, Categoria Referência SFCC",
        "Data_Coleta": "2025-06-01 01:54:00"
    },
    {
        "ID_Produto": "974640",
        "Categoria_Scraping": "congelados",
        "Nome": "Gelado Chocolate Clássico, Amêndoa e Chocolate Branco",
        "Marca": "Magnum",
        "Preco": 5.99,
        "Unidade_Info": "0.8 L | 7,49 €/L",
        "Categorias_GTM": "Congelados, Gelados, Poupe Esta Semana, Promoções, Categoria Referência SFCC",
        "Data_Coleta": "2025-06-01 01:54:00"
    },
    {
        "ID_Produto": "974156",
        "Categoria_Scraping": "congelados",
        "Nome": "Gelado Chocolate e Amêndoa",
        "Marca": "Magnum",
        "Preco": 3.99,
        "Unidade_Info": "0.4 L | 9,98 €/L",
        "Categorias_GTM": "Congelados, Gelados, Poupe Esta Semana, Promoções, Categoria Referência SFCC",
        "Data_Coleta": "2025-06-01 01:54:00"
    },
    {
        "ID_Produto": "775523",
        "Categoria_Scraping": "congelados",
        "Nome": "Gelado Cone Chocolate",
        "Marca": "Cornetto",
        "Preco": 3.29,
        "Unidade_Info": "0.54 L | 6,09 €/L",
        "Categorias_GTM": "Poupe Esta Semana, Promoções, Categoria Referência SFCC, Congelados, Gelados",
        "Data_Coleta": "2025-06-01 01:54:00"
    },
    {
        "ID_Produto": "775524",
        "Categoria_Scraping": "congelados",
        "Nome": "Gelado Cone Clássico",
        "Marca": "Cornetto",
        "Preco": 3.29,
        "Unidade_Info": "0.54 L | 6,09 €/L",
        "Categorias_GTM": "Promoções, Poupe Esta Semana, Categoria Referência SFCC, Congelados, Gelados",
        "Data_Coleta": "2025-06-01 01:54:00"
    },
    {
        "ID_Produto": "990615",
        "Categoria_Scraping": "congelados",
        "Nome": "Gelado Cone Limão",
        "Marca": "Pingo Doce",
        "Preco": 2.99,
        "Unidade_Info": "0.72 L | 4,15 €/L",
        "Categorias_GTM": "Congelados, Gelados, As Nossas Marcas, Pingo Doce, Categoria Referência SFCC",
        "Data_Coleta": "2025-06-01 01:54:00"
    },
    {
        "ID_Produto": "775908",
        "Categoria_Scraping": "congelados",
        "Nome": "Gelado Cone Morango",
        "Marca": "Cornetto",
        "Preco": 3.29,
        "Unidade_Info": "0.54 L | 6,09 €/L",
        "Categorias_GTM": "Promoções, Poupe Esta Semana, Categoria Referência SFCC, Congelados, Gelados",
        "Data_Coleta": "2025-06-01 01:54:00"
    },
    {
        "ID_Produto": "990500",
        "Categoria_Scraping": "congelados",
        "Nome": "Gelado Cone Perna de Pau",
        "Marca": "Olá",
        "Preco": 2.99,
        "Unidade_Info": "0.36 L | 8,31 €/L",
        "Categorias_GTM": "Congelados, Gelados, Categoria Referência SFCC, Poupe Esta Semana, Promoções",
        "Data_Coleta": "2025-06-01 01:54:00"
    },
    {
        "ID_Produto": "990597",
        "Categoria_Scraping": "congelados",
        "Nome": "Gelado Cósmicos",
        "Marca": "Pingo Doce",
        "Preco": 2.39,
        "Unidade_Info": "0.3 L | 7,97 €/L",
        "Categorias_GTM": "As Nossas Marcas, Pingo Doce, Congelados, Gelados, Categoria Referência SFCC",
        "Data_Coleta": "2025-06-01 01:54:00"
    },
    {
        "ID_Produto": "988841",
        "Categoria_Scraping": "congelados",
        "Nome": "Gelado de Amêndoas e Chocolate",
        "Marca": "Magnum",
        "Preco": 5.99,
        "Unidade_Info": "0.8 L | 7,49 €/L",
        "Categorias_GTM": "Congelados, Gelados, Poupe Esta Semana, Promoções, Categoria Referência SFCC",
        "Data_Coleta": "2025-06-01 01:54:00"
    },
    {
        "ID_Produto": "942259",
        "Categoria_Scraping": "congelados",
        "Nome": "Gelado Exótico Solero",
        "Marca": "Olá",
        "Preco": 3.99,
        "Unidade_Info": "0.27 L | 14,78 €/L",
        "Categorias_GTM": "Categoria Referência SFCC, Congelados, Gelados",
        "Data_Coleta": "2025-06-01 01:54:00"
    },
    {
        "ID_Produto": "990452",
        "Categoria_Scraping": "congelados",
        "Nome": "Gelado Geláticos",
        "Marca": "Pingo Doce",
        "Preco": 2.69,
        "Unidade_Info": "0.342 L | 7,87 €/L",
        "Categorias_GTM": "As Nossas Marcas, Pingo Doce, Congelados, Categoria Referência SFCC, Gelados",
        "Data_Coleta": "2025-06-01 01:54:00"
    },
    {
        "ID_Produto": "991498",
        "Categoria_Scraping": "congelados",
        "Nome": "Gelado Majestic Pistachio",
        "Marca": "Pingo Doce",
        "Preco": 3.49,
        "Unidade_Info": "0.4 L | 8,73 €/L",
        "Categorias_GTM": "As Nossas Marcas, Congelados, Gelados, Pingo Doce, Categoria Referência SFCC",
        "Data_Coleta": "2025-06-01 01:54:08"
    },
    {
        "ID_Produto": "930308",
        "Categoria_Scraping": "congelados",
        "Nome": "Gelado Mini Chocolate Clássico, Amêndoa e Chocolate Branco",
        "Marca": "Magnum",
        "Preco": 5.69,
        "Unidade_Info": "0.55 L | 10,35 €/L",
        "Categorias_GTM": "Congelados, Gelados, Categoria Referência SFCC, Poupe Este Fim De Semana, Poupe Esta Semana",
        "Data_Coleta": "2025-06-01 01:54:08"
    },
    {
        "ID_Produto": "962923",
        "Categoria_Scraping": "congelados",
        "Nome": "Gelado Mini Double Caramelo",
        "Marca": "Magnum",
        "Preco": 4.49,
        "Unidade_Info": "0.33 L | 13,61 €/L",
        "Categorias_GTM": "Congelados, Gelados, Categoria Referência SFCC, Poupe Este Fim De Semana, Poupe Esta Semana",
        "Data_Coleta": "2025-06-01 01:54:08"
    },
    {
        "ID_Produto": "923201",
        "Categoria_Scraping": "congelados",
        "Nome": "Gelado Mini Double Gold Caramelo Billionaire",
        "Marca": "Magnum",
        "Preco": 4.49,
        "Unidade_Info": "0.33 L | 13,61 €/L",
        "Categorias_GTM": "Congelados, Gelados, Categoria Referência SFCC, Poupe Este Fim De Semana, Poupe Esta Semana",
        "Data_Coleta": "2025-06-01 01:54:08"
    },
    {
        "ID_Produto": "970498",
        "Categoria_Scraping": "congelados",
        "Nome": "Gelado Mini Euphoria",
        "Marca": "Magnum",
        "Preco": 4.49,
        "Unidade_Info": "0.33 L | 13,61 €/L",
        "Categorias_GTM": "Congelados, Gelados, Categoria Referência SFCC, Poupe Esta Semana, Promoções",
        "Data_Coleta": "2025-06-01 01:54:08"
    },
    {
        "ID_Produto": "990451",
        "Categoria_Scraping": "congelados",
        "Nome": "Gelado Mini Sandwich de Nata",
        "Marca": "Pingo Doce",
        "Preco": 2.29,
        "Unidade_Info": "0.6 L | 3,82 €/L",
        "Categorias_GTM": "As Nossas Marcas, Pingo Doce, Congelados, Gelados, Categoria Referência SFCC",
        "Data_Coleta": "2025-06-01 01:54:08"
    },
    {
        "ID_Produto": "990499",
        "Categoria_Scraping": "congelados",
        "Nome": "Gelado Mochi de Coco",
        "Marca": "Pingo Doce",
        "Preco": 2.99,
        "Unidade_Info": "0.14 L | 21,36 €/L",
        "Categorias_GTM": "As Nossas Marcas, Pingo Doce, Congelados, Gelados, Categoria Referência SFCC",
        "Data_Coleta": "2025-06-01 01:54:08"
    },
    {
        "ID_Produto": "974161",
        "Categoria_Scraping": "congelados",
        "Nome": "Gelado Morango e Merengue Les Desserts",
        "Marca": "Carte D'Or",
        "Preco": 3.59,
        "Unidade_Info": "0.825 L | 4,35 €/L",
        "Categorias_GTM": "N/A",
        "Data_Coleta": "2025-06-01 01:54:08"
    },
    {
        "ID_Produto": "991269",
        "Categoria_Scraping": "congelados",
        "Nome": "Gelado Peanut Butter Cup",
        "Marca": "Pingo Doce",
        "Preco": 3.49,
        "Unidade_Info": "0.5 L | 6,98 €/L",
        "Categorias_GTM": "As Nossas Marcas, Congelados, Gelados, Pingo Doce, Categoria Referência SFCC",
        "Data_Coleta": "2025-06-01 01:54:08"
    },
    {
        "ID_Produto": "908740",
        "Categoria_Scraping": "congelados",
        "Nome": "Gelado Peanut Butter Cups",
        "Marca": "Ben & Jerry's",
        "Preco": 6.99,
        "Unidade_Info": "0.465 L | 15,03 €/L",
        "Categorias_GTM": "N/A",
        "Data_Coleta": "2025-06-01 01:54:08"
    },
    {
        "ID_Produto": "990978",
        "Categoria_Scraping": "congelados",
        "Nome": "Gelado Pistachio e Baunilha",
        "Marca": "Pingo Doce",
        "Preco": 3.69,
        "Unidade_Info": "0.95 L | 3,88 €/L",
        "Categorias_GTM": "As Nossas Marcas, Congelados, Gelados, Pingo Doce, Categoria Referência SFCC",
        "Data_Coleta": "2025-06-01 01:54:08"
    },
    {
        "ID_Produto": "971642",
        "Categoria_Scraping": "congelados",
        "Nome": "Gelado Rol",
        "Marca": "Olá",
        "Preco": 2.99,
        "Unidade_Info": "0.36 L | 8,31 €/L",
        "Categorias_GTM": "Congelados, Gelados, Categoria Referência SFCC, Poupe Esta Semana, Promoções",
        "Data_Coleta": "2025-06-01 01:54:08"
    },
    {
        "ID_Produto": "775647",
        "Categoria_Scraping": "congelados",
        "Nome": "Gelados de Morango",
        "Marca": "Olá",
        "Preco": 2.99,
        "Unidade_Info": "0.525 L | 5,7 €/L",
        "Categorias_GTM": "Congelados, Gelados, Categoria Referência SFCC, Poupe Esta Semana, Promoções",
        "Data_Coleta": "2025-06-01 01:54:15"
    },
    {
        "ID_Produto": "908731",
        "Categoria_Scraping": "congelados",
        "Nome": "Gelados Feast",
        "Marca": "Olá",
        "Preco": 2.99,
        "Unidade_Info": "0.36 L | 8,31 €/L",
        "Categorias_GTM": "Congelados, Gelados, Categoria Referência SFCC, Poupe Esta Semana, Promoções",
        "Data_Coleta": "2025-06-01 01:54:15"
    },
    {
        "ID_Produto": "747546",
        "Categoria_Scraping": "congelados",
        "Nome": "Gelados Fizz Limão",
        "Marca": "Olá",
        "Preco": 2.99,
        "Unidade_Info": "0.36 L | 8,31 €/L",
        "Categorias_GTM": "Congelados, Gelados, Categoria Referência SFCC, Poupe Este Fim De Semana, Poupe Esta Semana",
        "Data_Coleta": "2025-06-01 01:54:15"
    },
    {
        "ID_Produto": "860048",
        "Categoria_Scraping": "congelados",
        "Nome": "Gelados Mini 3 Chocolates",
        "Marca": "Magnum",
        "Preco": 3.99,
        "Unidade_Info": "0.33 L | 12,09 €/L",
        "Categorias_GTM": "Congelados, Gelados, Categoria Referência SFCC, Poupe Este Fim De Semana, Poupe Esta Semana",
        "Data_Coleta": "2025-06-01 01:54:15"
    },
    {
        "ID_Produto": "839588",
        "Categoria_Scraping": "congelados",
        "Nome": "Gelados Mini Double Framboesa",
        "Marca": "Magnum",
        "Preco": 4.49,
        "Unidade_Info": "0.33 L | 13,61 €/L",
        "Categorias_GTM": "Congelados, Gelados, Categoria Referência SFCC, Poupe Este Fim De Semana, Poupe Esta Semana",
        "Data_Coleta": "2025-06-01 01:54:15"
    },
    {
        "ID_Produto": "738686",
        "Categoria_Scraping": "congelados",
        "Nome": "Gelados Super Mix",
        "Marca": "Olá",
        "Preco": 2.99,
        "Unidade_Info": "0.525 L | 5,7 €/L",
        "Categorias_GTM": "Categoria Referência SFCC, Congelados, Gelados, Poupe Este Fim De Semana, Poupe Esta Semana",
        "Data_Coleta": "2025-06-01 01:54:15"
    },
    {
        "ID_Produto": "988000",
        "Categoria_Scraping": "congelados",
        "Nome": "Gelados Utopia Double Hazelnut",
        "Marca": "Magnum",
        "Preco": 3.99,
        "Unidade_Info": "0.255 L | 15,65 €/L",
        "Categorias_GTM": "Congelados, Gelados, Poupe Esta Semana, Promoções, Categoria Referência SFCC",
        "Data_Coleta": "2025-06-01 01:54:15"
    },
    {
        "ID_Produto": "991385",
        "Categoria_Scraping": "congelados",
        "Nome": "Gelado Tarte de Limão",
        "Marca": "Pingo Doce",
        "Preco": 3.49,
        "Unidade_Info": "0.5 L | 6,98 €/L",
        "Categorias_GTM": "As Nossas Marcas, Congelados, Gelados, Pingo Doce, Categoria Referência SFCC",
        "Data_Coleta": "2025-06-01 01:54:15"
    },
    {
        "ID_Produto": "850864",
        "Categoria_Scraping": "congelados",
        "Nome": "Moelas de Frango Congeladas",
        "Marca": "Nosso Talho",
        "Preco": 1.89,
        "Unidade_Info": "1 Kg",
        "Categorias_GTM": "Carne, Congelados, Categoria Referência SFCC, Poupe Esta Semana, Promoções",
        "Data_Coleta": "2025-06-01 01:54:15"
    },
    {
        "ID_Produto": "250377",
        "Categoria_Scraping": "congelados",
        "Nome": "Moelas de Frango Congeladas",
        "Marca": "Nosso Talho",
        "Preco": 1.89,
        "Unidade_Info": "1 Kg",
        "Categorias_GTM": "Carne, Congelados, Categoria Referência SFCC, Poupe Este Fim De Semana, Poupe Esta Semana",
        "Data_Coleta": "2025-06-01 01:54:15"
    },
    {
        "ID_Produto": "446715",
        "Categoria_Scraping": "congelados",
        "Nome": "Muslitos do Mar Congelados",
        "Marca": "Pescanova",
        "Preco": 1.99,
        "Unidade_Info": "0.25 Kg | 7,96 €/Kg",
        "Categorias_GTM": "Barrinhas, Nuggets e Panados, Refeições, Congelados, Categoria Referência SFCC, Promoções",
        "Data_Coleta": "2025-06-01 01:54:15"
    },
    {
        "ID_Produto": "907203",
        "Categoria_Scraping": "congelados",
        "Nome": "Pão de Queijo",
        "Marca": "Pingo Doce",
        "Preco": 7.69,
        "Unidade_Info": "1 Kg | 7,69 €/Kg",
        "Categorias_GTM": "As Nossas Marcas, Pingo Doce, Categoria Referência SFCC, Congelados, Refeições",
        "Data_Coleta": "2025-06-01 01:54:15"
    },
    {
        "ID_Produto": "694109",
        "Categoria_Scraping": "congelados",
        "Nome": "Sapateira 400/600 Congelada",
        "Marca": "Nossa Peixaria",
        "Preco": 7.99,
        "Unidade_Info": "0.4 Kg | 19,97 €/Kg",
        "Categorias_GTM": "Congelados, Marisco, Categoria Referência SFCC",
        "Data_Coleta": "2025-06-01 01:54:23"
    },
    {
        "ID_Produto": "48150",
        "Categoria_Scraping": "leite-e-ovos",
        "Nome": "Leite UHT Meio Gordo",
        "Marca": "Pingo Doce",
        "Preco": 0.86,
        "Unidade_Info": "1 L | 0,86 €/L",
        "Categorias_GTM": "Leite Gordo e Meio Gordo, Leite, Natas e Ovos, Categoria Referência SFCC, As Nossas Marcas, Pingo Doce",
        "Data_Coleta": "2025-06-01 01:55:07"
    },
    {
        "ID_Produto": "48149",
        "Categoria_Scraping": "leite-e-ovos",
        "Nome": "Leite UHT Magro",
        "Marca": "Pingo Doce",
        "Preco": 0.86,
        "Unidade_Info": "1 L | 0,86 €/L",
        "Categorias_GTM": "Categoria Referência SFCC, Leite Magro, Leite, Natas e Ovos, As Nossas Marcas, Pingo Doce",
        "Data_Coleta": "2025-06-01 01:55:07"
    },
    {
        "ID_Produto": "977851",
        "Categoria_Scraping": "leite-e-ovos",
        "Nome": "Leite UHT Magro sem Lactose",
        "Marca": "Pingo Doce",
        "Preco": 1.05,
        "Unidade_Info": "1 L | 1,05 €/L",
        "Categorias_GTM": "As Nossas Marcas, Pingo Doce, Leite Magro, Leite, Natas e Ovos, Categoria Referência SFCC",
        "Data_Coleta": "2025-06-01 01:55:07"
    },
    {
        "ID_Produto": "977850",
        "Categoria_Scraping": "leite-e-ovos",
        "Nome": "Leite UHT Meio Gordo sem Lactose",
        "Marca": "Pingo Doce",
        "Preco": 1.05,
        "Unidade_Info": "1 L | 1,05 €/L",
        "Categorias_GTM": "As Nossas Marcas, Pingo Doce, Leite, Natas e Ovos, Leite Gordo e Meio Gordo, Categoria Referência SFCC",
        "Data_Coleta": "2025-06-01 01:55:07"
    },
    {
        "ID_Produto": "888830",
        "Categoria_Scraping": "leite-e-ovos",
        "Nome": "Natas UHT Light",
        "Marca": "Pingo Doce",
        "Preco": 0.79,
        "Unidade_Info": "0.2 L | 3,95 €/L",
        "Categorias_GTM": "As Nossas Marcas, Pingo Doce, Leite, Natas e Ovos, Natas, Béchamel e Chantilly, Categoria Referência SFCC",
        "Data_Coleta": "2025-06-01 01:55:07"
    },
    {
        "ID_Produto": "889024",
        "Categoria_Scraping": "leite-e-ovos",
        "Nome": "Ovos de Ar Livre Classe M/L",
        "Marca": "Pingo Doce",
        "Preco": 2.09,
        "Unidade_Info": "6 Un | 0,35 €/Un",
        "Categorias_GTM": "As Nossas Marcas, Pingo Doce, Categoria Referência SFCC, Ovos, Leite, Natas e Ovos",
        "Data_Coleta": "2025-06-01 01:55:07"
    },
    {
        "ID_Produto": "889026",
        "Categoria_Scraping": "leite-e-ovos",
        "Nome": "Ovos de Solo Classe L",
        "Marca": "Pingo Doce",
        "Preco": 3.29,
        "Unidade_Info": "12 Un | 0,27 €/Un",
        "Categorias_GTM": "As Nossas Marcas, Pingo Doce, Categoria Referência SFCC, Leite, Natas e Ovos, Ovos",
        "Data_Coleta": "2025-06-01 01:55:07"
    },
    {
        "ID_Produto": "889028",
        "Categoria_Scraping": "leite-e-ovos",
        "Nome": "Ovos de Solo Classe M",
        "Marca": "Pingo Doce",
        "Preco": 3.09,
        "Unidade_Info": "12 Un | 0,26 €/Un",
        "Categorias_GTM": "As Nossas Marcas, Pingo Doce, Categoria Referência SFCC, Leite, Natas e Ovos, Ovos",
        "Data_Coleta": "2025-06-01 01:55:07"
    },
    {
        "ID_Produto": "673282",
        "Categoria_Scraping": "leite-e-ovos",
        "Nome": "Leite UHT Magro sem Lactose",
        "Marca": "Mimosa",
        "Preco": 1.15,
        "Unidade_Info": "1 L | 1,15 €/L",
        "Categorias_GTM": "Categoria Referência SFCC, Leite Magro, Leite, Natas e Ovos, Poupe Esta Semana, Promoções",
        "Data_Coleta": "2025-06-01 01:55:07"
    },
    {
        "ID_Produto": "41043",
        "Categoria_Scraping": "leite-e-ovos",
        "Nome": "Leite UHT Meio Gordo",
        "Marca": "Mimosa",
        "Preco": 1,
        "Unidade_Info": "1 L | 1 €/L",
        "Categorias_GTM": "Leite, Natas e Ovos, Leite Gordo e Meio Gordo, Categoria Referência SFCC",
        "Data_Coleta": "2025-06-01 01:55:07"
    },
    {
        "ID_Produto": "822652",
        "Categoria_Scraping": "leite-e-ovos",
        "Nome": "Leite UHT Meio Gordo Pastagem",
        "Marca": "Terra Nostra",
        "Preco": 0.89,
        "Unidade_Info": "1 L | 0,89 €/L",
        "Categorias_GTM": "Leite Gordo e Meio Gordo, Leite, Natas e Ovos, Categoria Referência SFCC, Poupe Esta Semana, Promoções",
        "Data_Coleta": "2025-06-01 01:55:07"
    },
    {
        "ID_Produto": "574701",
        "Categoria_Scraping": "leite-e-ovos",
        "Nome": "Leite UHT Meio Gordo sem Lactose Mimosa",
        "Marca": "Mimosa",
        "Preco": 1.15,
        "Unidade_Info": "1 L | 1,15 €/L",
        "Categorias_GTM": "Categoria Referência SFCC, Leite Gordo e Meio Gordo, Leite, Natas e Ovos, Poupe Este Fim De Semana, Poupe Esta Semana",
        "Data_Coleta": "2025-06-01 01:55:07"
    },
    {
        "ID_Produto": "461603",
        "Categoria_Scraping": "leite-e-ovos",
        "Nome": "Ovos Classe M",
        "Marca": "Saborosos",
        "Preco": 6.35,
        "Unidade_Info": "24 Un | 0,26 €/Un",
        "Categorias_GTM": "Categoria Referência SFCC, Leite, Natas e Ovos, Ovos",
        "Data_Coleta": "2025-06-01 01:55:21"
    },
    {
        "ID_Produto": "895037",
        "Categoria_Scraping": "leite-e-ovos",
        "Nome": "Ovos de Ar Livre Classe M/L",
        "Marca": "Matinados",
        "Preco": 4.59,
        "Unidade_Info": "12 Un | 0,38 €/Un",
        "Categorias_GTM": "Categoria Referência SFCC, Leite, Natas e Ovos, Ovos",
        "Data_Coleta": "2025-06-01 01:55:21"
    },
    {
        "ID_Produto": "967610",
        "Categoria_Scraping": "leite-e-ovos",
        "Nome": "Bebida Vegetal de Amêndoa sem Açúcar",
        "Marca": "Alpro",
        "Preco": 2.59,
        "Unidade_Info": "1 L | 2,59 €/L",
        "Categorias_GTM": "Bebida Vegetal, Leite, Natas e Ovos, Categoria Referência SFCC",
        "Data_Coleta": "2025-06-01 01:55:21"
    },
    {
        "ID_Produto": "676403",
        "Categoria_Scraping": "leite-e-ovos",
        "Nome": "Leite Achocolatado Pack 4",
        "Marca": "Mimosa",
        "Preco": 1.56,
        "Unidade_Info": "4 x0.2 L | 1,95 €/L",
        "Categorias_GTM": "Categoria Referência SFCC, Leite Aromatizado, Leite, Natas e Ovos, Poupe Este Fim De Semana, Poupe Esta Semana",
        "Data_Coleta": "2025-06-01 01:55:21"
    },
    {
        "ID_Produto": "851761",
        "Categoria_Scraping": "leite-e-ovos",
        "Nome": "Leite UHT Achocolatado Pack 8",
        "Marca": "Agros",
        "Preco": 3.44,
        "Unidade_Info": "1.6 L | 2,15 €/L",
        "Categorias_GTM": "Categoria Referência SFCC, Leite Aromatizado, Leite, Natas e Ovos",
        "Data_Coleta": "2025-06-01 01:55:21"
    },
    {
        "ID_Produto": "48151",
        "Categoria_Scraping": "leite-e-ovos",
        "Nome": "Leite UHT Gordo",
        "Marca": "Pingo Doce",
        "Preco": 0.99,
        "Unidade_Info": "1 L | 0,99 €/L",
        "Categorias_GTM": "Categoria Referência SFCC, Leite Gordo e Meio Gordo, Leite, Natas e Ovos, As Nossas Marcas, Pingo Doce",
        "Data_Coleta": "2025-06-01 01:55:21"
    },
    {
        "ID_Produto": "80908",
        "Categoria_Scraping": "leite-e-ovos",
        "Nome": "Leite UHT Magro",
        "Marca": "Mimosa",
        "Preco": 1,
        "Unidade_Info": "1 L | 1 €/L",
        "Categorias_GTM": "Categoria Referência SFCC, Leite Magro, Leite, Natas e Ovos",
        "Data_Coleta": "2025-06-01 01:55:21"
    },
    {
        "ID_Produto": "80906",
        "Categoria_Scraping": "leite-e-ovos",
        "Nome": "Leite UHT Magro",
        "Marca": "Gresso",
        "Preco": 0.87,
        "Unidade_Info": "1 L | 0,87 €/L",
        "Categorias_GTM": "Categoria Referência SFCC, Leite Magro, Leite, Natas e Ovos, Poupe Esta Semana, Promoções",
        "Data_Coleta": "2025-06-01 01:55:21"
    },
    {
        "ID_Produto": "822645",
        "Categoria_Scraping": "leite-e-ovos",
        "Nome": "Leite UHT Magro Pastagem",
        "Marca": "Terra Nostra",
        "Preco": 0.89,
        "Unidade_Info": "1 L | 0,89 €/L",
        "Categorias_GTM": "Leite Magro, Leite, Natas e Ovos, Categoria Referência SFCC, Poupe Esta Semana, Promoções",
        "Data_Coleta": "2025-06-01 01:55:21"
    },
    {
        "ID_Produto": "834449",
        "Categoria_Scraping": "leite-e-ovos",
        "Nome": "Leite UHT Meio Gordo",
        "Marca": "Nova Açores",
        "Preco": 0.98,
        "Unidade_Info": "1 L | 0,98 €/L",
        "Categorias_GTM": "Categoria Referência SFCC, Leite Gordo e Meio Gordo, Leite, Natas e Ovos",
        "Data_Coleta": "2025-06-01 01:55:21"
    },
    {
        "ID_Produto": "80918",
        "Categoria_Scraping": "leite-e-ovos",
        "Nome": "Leite UHT Meio Gordo",
        "Marca": "Matinal",
        "Preco": 1.14,
        "Unidade_Info": "1 L | 1,14 €/L",
        "Categorias_GTM": "Leite Gordo e Meio Gordo, Leite, Natas e Ovos, Categoria Referência SFCC",
        "Data_Coleta": "2025-06-01 01:55:21"
    },
    {
        "ID_Produto": "873246",
        "Categoria_Scraping": "leite-e-ovos",
        "Nome": "Leite UHT Meio Gordo Pastagem Açores",
        "Marca": "Milhafre",
        "Preco": 0.89,
        "Unidade_Info": "1 L | 0,89 €/L",
        "Categorias_GTM": "Leite Gordo e Meio Gordo, Leite, Natas e Ovos, Promoções, Categoria Referência SFCC, Poupe Esta Semana",
        "Data_Coleta": "2025-06-01 01:55:21"
    },
    {
        "ID_Produto": "555481",
        "Categoria_Scraping": "leite-e-ovos",
        "Nome": "Molho Bechamel",
        "Marca": "Pingo Doce",
        "Preco": 1.59,
        "Unidade_Info": "0.5 L | 3,18 €/L",
        "Categorias_GTM": "Leite, Natas e Ovos, Natas, Béchamel e Chantilly, Categoria Referência SFCC, As Nossas Marcas, Pingo Doce",
        "Data_Coleta": "2025-06-01 01:55:26"
    },
    {
        "ID_Produto": "876196",
        "Categoria_Scraping": "leite-e-ovos",
        "Nome": "Natas UHT para Bater",
        "Marca": "Pingo Doce",
        "Preco": 0.84,
        "Unidade_Info": "0.2 L | 4,2 €/L",
        "Categorias_GTM": "As Nossas Marcas, Pingo Doce, Leite, Natas e Ovos, Natas, Béchamel e Chantilly, Categoria Referência SFCC",
        "Data_Coleta": "2025-06-01 01:55:26"
    },
    {
        "ID_Produto": "974232",
        "Categoria_Scraping": "leite-e-ovos",
        "Nome": "Ovos de Ar Livre Classe M/L",
        "Marca": "Biológico",
        "Preco": 2.69,
        "Unidade_Info": "6 Un | 0,45 €/Un",
        "Categorias_GTM": "As Nossas Marcas, Biológico, Leite, Natas e Ovos, Ovos, Categoria Referência SFCC",
        "Data_Coleta": "2025-06-01 01:55:26"
    },
    {
        "ID_Produto": "889025",
        "Categoria_Scraping": "leite-e-ovos",
        "Nome": "Ovos de Solo Classe L",
        "Marca": "Pingo Doce",
        "Preco": 1.89,
        "Unidade_Info": "6 Un | 0,32 €/Un",
        "Categorias_GTM": "As Nossas Marcas, Pingo Doce, Categoria Referência SFCC, Leite, Natas e Ovos, Ovos",
        "Data_Coleta": "2025-06-01 01:55:26"
    },
    {
        "ID_Produto": "889027",
        "Categoria_Scraping": "leite-e-ovos",
        "Nome": "Ovos de Solo Classe M",
        "Marca": "Pingo Doce",
        "Preco": 1.79,
        "Unidade_Info": "6 Un | 0,3 €/Un",
        "Categorias_GTM": "As Nossas Marcas, Pingo Doce, Categoria Referência SFCC, Leite, Natas e Ovos, Ovos",
        "Data_Coleta": "2025-06-01 01:55:26"
    },
    {
        "ID_Produto": "889029",
        "Categoria_Scraping": "leite-e-ovos",
        "Nome": "Ovos de Solo Classe XL",
        "Marca": "Pingo Doce",
        "Preco": 2.49,
        "Unidade_Info": "6 Un | 0,42 €/Un",
        "Categorias_GTM": "As Nossas Marcas, Pingo Doce, Categoria Referência SFCC, Leite, Natas e Ovos, Ovos",
        "Data_Coleta": "2025-06-01 01:55:26"
    },
    {
        "ID_Produto": "919096",
        "Categoria_Scraping": "leite-e-ovos",
        "Nome": "Bebida Vegetal de Aveia",
        "Marca": "Biológico",
        "Preco": 1.18,
        "Unidade_Info": "1 L | 1,18 €/L",
        "Categorias_GTM": "Bebida Vegetal, Leite, Natas e Ovos, As Nossas Marcas, Biológico, Categoria Referência SFCC",
        "Data_Coleta": "2025-06-01 01:55:26"
    },
    {
        "ID_Produto": "967869",
        "Categoria_Scraping": "leite-e-ovos",
        "Nome": "Bebida Vegetal de Aveia",
        "Marca": "Pingo Doce",
        "Preco": 0.99,
        "Unidade_Info": "1 L | 0,99 €/L",
        "Categorias_GTM": "As Nossas Marcas, Pingo Doce, Bebida Vegetal, Leite, Natas e Ovos, Categoria Referência SFCC",
        "Data_Coleta": "2025-06-01 01:55:26"
    },
    {
        "ID_Produto": "967611",
        "Categoria_Scraping": "leite-e-ovos",
        "Nome": "Bebida Vegetal de Aveia sem Açúcar",
        "Marca": "Alpro",
        "Preco": 2.59,
        "Unidade_Info": "1 L | 2,59 €/L",
        "Categorias_GTM": "Bebida Vegetal, Leite, Natas e Ovos, Categoria Referência SFCC",
        "Data_Coleta": "2025-06-01 01:55:26"
    },
    {
        "ID_Produto": "968547",
        "Categoria_Scraping": "leite-e-ovos",
        "Nome": "Bebida Vegetal de Soja Original",
        "Marca": "Pingo Doce",
        "Preco": 0.79,
        "Unidade_Info": "1 L | 0,79 €/L",
        "Categorias_GTM": "As Nossas Marcas, Pingo Doce, Leite, Natas e Ovos, Bebida Vegetal, Categoria Referência SFCC",
        "Data_Coleta": "2025-06-01 01:55:26"
    },
    {
        "ID_Produto": "953941",
        "Categoria_Scraping": "leite-e-ovos",
        "Nome": "Bebida Vegetal de Soja sem Açúcar",
        "Marca": "Pingo Doce",
        "Preco": 0.79,
        "Unidade_Info": "1 L | 0,79 €/L",
        "Categorias_GTM": "As Nossas Marcas, Pingo Doce, Categoria Referência SFCC, Bebida Vegetal, Leite, Natas e Ovos",
        "Data_Coleta": "2025-06-01 01:55:26"
    },
    {
        "ID_Produto": "960351",
        "Categoria_Scraping": "leite-e-ovos",
        "Nome": "Creme Vegetal de Soja para Culinária",
        "Marca": "Pingo Doce",
        "Preco": 0.99,
        "Unidade_Info": "0.2 L | 4,95 €/L",
        "Categorias_GTM": "Leite, Natas e Ovos, Natas, Béchamel e Chantilly, As Nossas Marcas, Pingo Doce, Categoria Referência SFCC",
        "Data_Coleta": "2025-06-01 01:55:26"
    },
    {
        "ID_Produto": "885431",
        "Categoria_Scraping": "leite-e-ovos",
        "Nome": "Leite Achocolatado",
        "Marca": "Pingo Doce",
        "Preco": 0.64,
        "Unidade_Info": "0.2 L | 3,2 €/L",
        "Categorias_GTM": "As Nossas Marcas, Pingo Doce, Leite Aromatizado, Leite, Natas e Ovos, Categoria Referência SFCC",
        "Data_Coleta": "2025-06-01 01:55:32"
    },
    {
        "ID_Produto": "885432",
        "Categoria_Scraping": "leite-e-ovos",
        "Nome": "Leite Achocolatado",
        "Marca": "Pingo Doce",
        "Preco": 0.33,
        "Unidade_Info": "0.2 L | 1,65 €/L",
        "Categorias_GTM": "As Nossas Marcas, Pingo Doce, Leite Aromatizado, Leite, Natas e Ovos, Categoria Referência SFCC",
        "Data_Coleta": "2025-06-01 01:55:32"
    },
    {
        "ID_Produto": "695798",
        "Categoria_Scraping": "leite-e-ovos",
        "Nome": "Leite Achocolatado Pack 4",
        "Marca": "Gresso",
        "Preco": 1.52,
        "Unidade_Info": "4 x0.2 L | 1,9 €/L",
        "Categorias_GTM": "Categoria Referência SFCC, Leite Aromatizado, Leite, Natas e Ovos",
        "Data_Coleta": "2025-06-01 01:55:32"
    },
    {
        "ID_Produto": "676402",
        "Categoria_Scraping": "leite-e-ovos",
        "Nome": "Leite Achocolatado Pack 4",
        "Marca": "Agros",
        "Preco": 1.84,
        "Unidade_Info": "4 x0.2 L | 2,3 €/L",
        "Categorias_GTM": "Categoria Referência SFCC, Leite Aromatizado, Leite, Natas e Ovos",
        "Data_Coleta": "2025-06-01 01:55:32"
    },
    {
        "ID_Produto": "866780",
        "Categoria_Scraping": "leite-e-ovos",
        "Nome": "Leite com Cacau sem Lactose Pack 3",
        "Marca": "Mimosa",
        "Preco": 3.19,
        "Unidade_Info": "3 x0.25 L | 4,25 €/L",
        "Categorias_GTM": "Leite Aromatizado, Leite, Natas e Ovos, Categoria Referência SFCC",
        "Data_Coleta": "2025-06-01 01:55:32"
    },
    {
        "ID_Produto": "960354",
        "Categoria_Scraping": "leite-e-ovos",
        "Nome": "Leite com Chocolate Pack 4",
        "Marca": "Mimosa",
        "Preco": 1.99,
        "Unidade_Info": "4 x0.2 L | 2,49 €/L",
        "Categorias_GTM": "Leite Aromatizado, Leite, Natas e Ovos, Categoria Referência SFCC",
        "Data_Coleta": "2025-06-01 01:55:32"
    },
    {
        "ID_Produto": "940928",
        "Categoria_Scraping": "leite-e-ovos",
        "Nome": "Leite Gordo em Pó",
        "Marca": "Nestlé",
        "Preco": 11.99,
        "Unidade_Info": "0.68 Kg | 17,63 €/Kg",
        "Categorias_GTM": "Leite Gordo e Meio Gordo, Leite, Natas e Ovos, Categoria Referência SFCC",
        "Data_Coleta": "2025-06-01 01:55:32"
    },
    {
        "ID_Produto": "843768",
        "Categoria_Scraping": "leite-e-ovos",
        "Nome": "Leite Meio Gordo Fresco",
        "Marca": "Vigor",
        "Preco": 1.14,
        "Unidade_Info": "1 L | 1,14 €/L",
        "Categorias_GTM": "Categoria Referência SFCC, Leite Fresco, Leite, Natas e Ovos",
        "Data_Coleta": "2025-06-01 01:55:32"
    },
    {
        "ID_Produto": "951765",
        "Categoria_Scraping": "leite-e-ovos",
        "Nome": "Leite Proteína Magro sem Lactose",
        "Marca": "Mimosa",
        "Preco": 2.49,
        "Unidade_Info": "1 L | 2,49 €/L",
        "Categorias_GTM": "Categoria Referência SFCC, Leite Gordo e Meio Gordo, Leite, Natas e Ovos",
        "Data_Coleta": "2025-06-01 01:55:32"
    },
    {
        "ID_Produto": "41045",
        "Categoria_Scraping": "leite-e-ovos",
        "Nome": "Leite UHT Achocolatado Pack 6",
        "Marca": "Ucal",
        "Preco": 4.59,
        "Unidade_Info": "6 x0.25 L | 3,06 €/L",
        "Categorias_GTM": "Leite Aromatizado, Leite, Natas e Ovos, Categoria Referência SFCC, Poupe Este Fim De Semana, Poupe Esta Semana",
        "Data_Coleta": "2025-06-01 01:55:32"
    },
    {
        "ID_Produto": "41042",
        "Categoria_Scraping": "leite-e-ovos",
        "Nome": "Leite UHT Gordo",
        "Marca": "Mimosa",
        "Preco": 1.19,
        "Unidade_Info": "1 L | 1,19 €/L",
        "Categorias_GTM": "Leite Gordo e Meio Gordo, Leite, Natas e Ovos, Categoria Referência SFCC",
        "Data_Coleta": "2025-06-01 01:55:32"
    },
    {
        "ID_Produto": "80907",
        "Categoria_Scraping": "leite-e-ovos",
        "Nome": "Leite UHT Magro",
        "Marca": "Matinal",
        "Preco": 1.14,
        "Unidade_Info": "1 L | 1,14 €/L",
        "Categorias_GTM": "Leite Magro, Leite, Natas e Ovos, Categoria Referência SFCC",
        "Data_Coleta": "2025-06-01 01:55:32"
    },
    {
        "ID_Produto": "847454",
        "Categoria_Scraping": "leite-e-ovos",
        "Nome": "Leite UHT Magro Selecionado Leve",
        "Marca": "Matinal",
        "Preco": 1.1,
        "Unidade_Info": "1 L | 1,1 €/L",
        "Categorias_GTM": "Categoria Referência SFCC, Leite Magro, Leite, Natas e Ovos, Poupe Esta Semana, Promoções",
        "Data_Coleta": "2025-06-01 01:55:38"
    },
    {
        "ID_Produto": "876574",
        "Categoria_Scraping": "leite-e-ovos",
        "Nome": "Leite UHT Meio Gordo",
        "Marca": "Pingo Doce",
        "Preco": 0.32,
        "Unidade_Info": "0.2 L | 1,6 €/L",
        "Categorias_GTM": "As Nossas Marcas, Pingo Doce, Leite Gordo e Meio Gordo, Leite, Natas e Ovos, Categoria Referência SFCC",
        "Data_Coleta": "2025-06-01 01:55:38"
    },
    {
        "ID_Produto": "876612",
        "Categoria_Scraping": "leite-e-ovos",
        "Nome": "Leite UHT Meio Gordo Pack 3",
        "Marca": "Mimosa",
        "Preco": 1.26,
        "Unidade_Info": "3 x0.2 L | 2,1 €/L",
        "Categorias_GTM": "Leite Gordo e Meio Gordo, Leite, Natas e Ovos, Categoria Referência SFCC",
        "Data_Coleta": "2025-06-01 01:55:38"
    },
    {
        "ID_Produto": "948179",
        "Categoria_Scraping": "leite-e-ovos",
        "Nome": "Leite UHT Meio Gordo sem Lactose",
        "Marca": "Gresso",
        "Preco": 1.15,
        "Unidade_Info": "1 L | 1,15 €/L",
        "Categorias_GTM": "Categoria Referência SFCC, Leite Gordo e Meio Gordo, Leite, Natas e Ovos",
        "Data_Coleta": "2025-06-01 01:55:38"
    },
    {
        "ID_Produto": "863256",
        "Categoria_Scraping": "leite-e-ovos",
        "Nome": "Leite UHT Meio Gordo sem Lactose Pack 4",
        "Marca": "Mimosa",
        "Preco": 2.09,
        "Unidade_Info": "4 x0.2 L | 2,61 €/L",
        "Categorias_GTM": "Leite Gordo e Meio Gordo, Leite, Natas e Ovos, Categoria Referência SFCC",
        "Data_Coleta": "2025-06-01 01:55:38"
    },
    {
        "ID_Produto": "753015",
        "Categoria_Scraping": "leite-e-ovos",
        "Nome": "Molho Béchamel",
        "Marca": "Pingo Doce",
        "Preco": 0.89,
        "Unidade_Info": "0.2 L | 4,45 €/L",
        "Categorias_GTM": "Leite, Natas e Ovos, Natas, Béchamel e Chantilly, As Nossas Marcas, Pingo Doce, Categoria Referência SFCC",
        "Data_Coleta": "2025-06-01 01:55:38"
    },
    {
        "ID_Produto": "914803",
        "Categoria_Scraping": "leite-e-ovos",
        "Nome": "Natas sem Lactose",
        "Marca": "Pingo Doce",
        "Preco": 0.89,
        "Unidade_Info": "0.2 L | 4,45 €/L",
        "Categorias_GTM": "Leite, Natas e Ovos, Natas, Béchamel e Chantilly, As Nossas Marcas, Pingo Doce, Categoria Referência SFCC",
        "Data_Coleta": "2025-06-01 01:55:38"
    },
    {
        "ID_Produto": "876483",
        "Categoria_Scraping": "leite-e-ovos",
        "Nome": "Natas UHT",
        "Marca": "Mimosa",
        "Preco": 1.08,
        "Unidade_Info": "0.2 L | 5,4 €/L",
        "Categorias_GTM": "Leite, Natas e Ovos, Natas, Béchamel e Chantilly, Categoria Referência SFCC",
        "Data_Coleta": "2025-06-01 01:55:38"
    },
    {
        "ID_Produto": "563724",
        "Categoria_Scraping": "leite-e-ovos",
        "Nome": "Natas UHT Ligeiras para Culinária",
        "Marca": "Mimosa",
        "Preco": 1.08,
        "Unidade_Info": "0.2 L | 5,4 €/L",
        "Categorias_GTM": "Categoria Referência SFCC, Leite, Natas e Ovos, Natas, Béchamel e Chantilly",
        "Data_Coleta": "2025-06-01 01:55:38"
    },
    {
        "ID_Produto": "229460",
        "Categoria_Scraping": "leite-e-ovos",
        "Nome": "Natas UHT para Culinária",
        "Marca": "Parmalat",
        "Preco": 0.91,
        "Unidade_Info": "0.2 L | 4,55 €/L",
        "Categorias_GTM": "Leite, Natas e Ovos, Natas, Béchamel e Chantilly, Categoria Referência SFCC, Poupe Este Fim De Semana, Poupe Esta Semana",
        "Data_Coleta": "2025-06-01 01:55:38"
    },
    {
        "ID_Produto": "894655",
        "Categoria_Scraping": "leite-e-ovos",
        "Nome": "Ovos de Ar Livre Classe M/L",
        "Marca": "Matinados",
        "Preco": 2.39,
        "Unidade_Info": "6 Un | 0,4 €/Un",
        "Categorias_GTM": "Categoria Referência SFCC, Leite, Natas e Ovos, Ovos",
        "Data_Coleta": "2025-06-01 01:55:38"
    },
    {
        "ID_Produto": "974724",
        "Categoria_Scraping": "leite-e-ovos",
        "Nome": "Bebida de Leite UHT Livre Meio Gordo",
        "Marca": "Matinal",
        "Preco": 1.49,
        "Unidade_Info": "1 L | 1,49 €/L",
        "Categorias_GTM": "Leite Gordo e Meio Gordo, Leite, Natas e Ovos, Categoria Referência SFCC",
        "Data_Coleta": "2025-06-01 01:55:38"
    },
    {
        "ID_Produto": "969435",
        "Categoria_Scraping": "leite-e-ovos",
        "Nome": "Bebida Vegetal de Amêndoa",
        "Marca": "Pingo Doce",
        "Preco": 1.05,
        "Unidade_Info": "1 L | 1,05 €/L",
        "Categorias_GTM": "As Nossas Marcas, Pingo Doce, Bebida Vegetal, Leite, Natas e Ovos, Categoria Referência SFCC",
        "Data_Coleta": "2025-06-01 01:55:43"
    },
    {
        "ID_Produto": "919432",
        "Categoria_Scraping": "leite-e-ovos",
        "Nome": "Bebida Vegetal de Amêndoa",
        "Marca": "Biológico",
        "Preco": 1.57,
        "Unidade_Info": "1 L | 1,57 €/L",
        "Categorias_GTM": "Bebida Vegetal, Leite, Natas e Ovos, As Nossas Marcas, Biológico, Categoria Referência SFCC",
        "Data_Coleta": "2025-06-01 01:55:43"
    },
    {
        "ID_Produto": "960227",
        "Categoria_Scraping": "leite-e-ovos",
        "Nome": "Bebida Vegetal de Amêndoa",
        "Marca": "Alpro",
        "Preco": 2.49,
        "Unidade_Info": "1 L | 2,49 €/L",
        "Categorias_GTM": "Bebida Vegetal, Leite, Natas e Ovos, Categoria Referência SFCC",
        "Data_Coleta": "2025-06-01 01:55:43"
    },
    {
        "ID_Produto": "969048",
        "Categoria_Scraping": "leite-e-ovos",
        "Nome": "Bebida Vegetal de Amêndoa sem Açúcar",
        "Marca": "Pingo Doce",
        "Preco": 1.35,
        "Unidade_Info": "1 L | 1,35 €/L",
        "Categorias_GTM": "As Nossas Marcas, Pingo Doce, Bebida Vegetal, Leite, Natas e Ovos, Categoria Referência SFCC",
        "Data_Coleta": "2025-06-01 01:55:43"
    },
    {
        "ID_Produto": "967547",
        "Categoria_Scraping": "leite-e-ovos",
        "Nome": "Bebida Vegetal de Arroz",
        "Marca": "Pingo Doce",
        "Preco": 1.15,
        "Unidade_Info": "1 L | 1,15 €/L",
        "Categorias_GTM": "Bebida Vegetal, Leite, Natas e Ovos, As Nossas Marcas, Pingo Doce, Categoria Referência SFCC",
        "Data_Coleta": "2025-06-01 01:55:43"
    },
    {
        "ID_Produto": "755549",
        "Categoria_Scraping": "leite-e-ovos",
        "Nome": "Bebida Vegetal de Arroz",
        "Marca": "Alpro",
        "Preco": 2.49,
        "Unidade_Info": "1 L | 2,49 €/L",
        "Categorias_GTM": "Bebida Vegetal, Leite, Natas e Ovos, Categoria Referência SFCC",
        "Data_Coleta": "2025-06-01 01:55:43"
    },
    {
        "ID_Produto": "969434",
        "Categoria_Scraping": "leite-e-ovos",
        "Nome": "Bebida Vegetal de Arroz e Coco",
        "Marca": "Pingo Doce",
        "Preco": 1.59,
        "Unidade_Info": "1 L | 1,59 €/L",
        "Categorias_GTM": "As Nossas Marcas, Pingo Doce, Bebida Vegetal, Leite, Natas e Ovos, Categoria Referência SFCC",
        "Data_Coleta": "2025-06-01 01:55:43"
    },
    {
        "ID_Produto": "755550",
        "Categoria_Scraping": "leite-e-ovos",
        "Nome": "Bebida Vegetal de Aveia",
        "Marca": "Alpro",
        "Preco": 2.49,
        "Unidade_Info": "1 L | 2,49 €/L",
        "Categorias_GTM": "Categoria Referência SFCC, Bebida Vegetal, Leite, Natas e Ovos",
        "Data_Coleta": "2025-06-01 01:55:43"
    },
    {
        "ID_Produto": "957416",
        "Categoria_Scraping": "leite-e-ovos",
        "Nome": "Bebida Vegetal de Aveia Barista",
        "Marca": "Pingo Doce",
        "Preco": 1.29,
        "Unidade_Info": "1 L | 1,29 €/L",
        "Categorias_GTM": "As Nossas Marcas, Pingo Doce, Categoria Referência SFCC, Bebida Vegetal, Leite, Natas e Ovos",
        "Data_Coleta": "2025-06-01 01:55:43"
    },
    {
        "ID_Produto": "952930",
        "Categoria_Scraping": "leite-e-ovos",
        "Nome": "Bebida Vegetal de Aveia e Amêndoa",
        "Marca": "Pingo Doce",
        "Preco": 1.35,
        "Unidade_Info": "1 L | 1,35 €/L",
        "Categorias_GTM": "Categoria Referência SFCC, As Nossas Marcas, Pingo Doce, Bebida Vegetal, Leite, Natas e Ovos",
        "Data_Coleta": "2025-06-01 01:55:43"
    },
    {
        "ID_Produto": "973185",
        "Categoria_Scraping": "leite-e-ovos",
        "Nome": "Bebida Vegetal de Aveia Sabor a Leite",
        "Marca": "Pingo Doce",
        "Preco": 1.29,
        "Unidade_Info": "1 L | 1,29 €/L",
        "Categorias_GTM": "Bebida Vegetal, Leite, Natas e Ovos, As Nossas Marcas, Pingo Doce, Categoria Referência SFCC",
        "Data_Coleta": "2025-06-01 01:55:43"
    },
    {
        "ID_Produto": "881930",
        "Categoria_Scraping": "leite-e-ovos",
        "Nome": "Bebida Vegetal de Coco sem Açúcar",
        "Marca": "Alpro",
        "Preco": 2.59,
        "Unidade_Info": "1 L | 2,59 €/L",
        "Categorias_GTM": "Bebida Vegetal, Leite, Natas e Ovos, Categoria Referência SFCC",
        "Data_Coleta": "2025-06-01 01:55:43"
    },
    {
        "ID_Produto": "467279",
        "Categoria_Scraping": "leite-e-ovos",
        "Nome": "Bebida Vegetal de Soja",
        "Marca": "Alpro",
        "Preco": 1.69,
        "Unidade_Info": "1 L | 1,69 €/L",
        "Categorias_GTM": "Categoria Referência SFCC, Bebida Vegetal, Leite, Natas e Ovos, Poupe Este Fim De Semana, Poupe Esta Semana",
        "Data_Coleta": "2025-06-01 01:55:49"
    },
    {
        "ID_Produto": "756987002",
        "Categoria_Scraping": "leite-e-ovos",
        "Nome": "Bebida Vegetal de Soja Chocolate",
        "Marca": "Alpro",
        "Preco": 2.49,
        "Unidade_Info": "1 L | 2,49 €/L",
        "Categorias_GTM": "Categoria Referência SFCC, Bebida Vegetal, Leite, Natas e Ovos",
        "Data_Coleta": "2025-06-01 01:55:49"
    },
    {
        "ID_Produto": "967613",
        "Categoria_Scraping": "leite-e-ovos",
        "Nome": "Bebida Vegetal de Soja Light",
        "Marca": "Pingo Doce",
        "Preco": 0.83,
        "Unidade_Info": "1 L | 0,83 €/L",
        "Categorias_GTM": "Bebida Vegetal, Leite, Natas e Ovos, As Nossas Marcas, Pingo Doce, Categoria Referência SFCC",
        "Data_Coleta": "2025-06-01 01:55:49"
    },
    {
        "ID_Produto": "833093",
        "Categoria_Scraping": "leite-e-ovos",
        "Nome": "Bebida Vegetal Soja com Chocolate Light Pack 3",
        "Marca": "Alpro",
        "Preco": 2.49,
        "Unidade_Info": "3 x0.25 L | 3,32 €/L",
        "Categorias_GTM": "Bebida Vegetal, Leite, Natas e Ovos, Poupe Esta Semana, Promoções, Categoria Referência SFCC",
        "Data_Coleta": "2025-06-01 01:55:49"
    },
    {
        "ID_Produto": "286950",
        "Categoria_Scraping": "leite-e-ovos",
        "Nome": "Chantilly",
        "Marca": "Président",
        "Preco": 2.69,
        "Unidade_Info": "0.25 Kg | 10,76 €/Kg",
        "Categorias_GTM": "Leite, Natas e Ovos, Natas, Béchamel e Chantilly, Categoria Referência SFCC, Poupe Este Fim De Semana, Poupe Esta Semana",
        "Data_Coleta": "2025-06-01 01:55:49"
    },
    {
        "ID_Produto": "836925",
        "Categoria_Scraping": "leite-e-ovos",
        "Nome": "Leite Achocolatado",
        "Marca": "Ucal",
        "Preco": 3.02,
        "Unidade_Info": "1 L | 3,02 €/L",
        "Categorias_GTM": "Leite Aromatizado, Leite, Natas e Ovos, Categoria Referência SFCC",
        "Data_Coleta": "2025-06-01 01:55:49"
    },
    {
        "ID_Produto": "836924",
        "Categoria_Scraping": "leite-e-ovos",
        "Nome": "Leite Achocolatado Pack 3",
        "Marca": "Ucal",
        "Preco": 3.15,
        "Unidade_Info": "3 x0.25 L | 4,2 €/L",
        "Categorias_GTM": "Categoria Referência SFCC, Leite Aromatizado, Leite, Natas e Ovos",
        "Data_Coleta": "2025-06-01 01:55:49"
    },
    {
        "ID_Produto": "742450",
        "Categoria_Scraping": "leite-e-ovos",
        "Nome": "Leite Achocolatado sem Açúcar Pack 6",
        "Marca": "Ucal",
        "Preco": 4.59,
        "Unidade_Info": "6 x0.25 L | 3,06 €/L",
        "Categorias_GTM": "Categoria Referência SFCC, Leite Aromatizado, Leite, Natas e Ovos, Poupe Esta Semana, Promoções",
        "Data_Coleta": "2025-06-01 01:55:49"
    },
    {
        "ID_Produto": "936424",
        "Categoria_Scraping": "leite-e-ovos",
        "Nome": "Leite Achocolatado sem Lactose",
        "Marca": "Pingo Doce",
        "Preco": 0.46,
        "Unidade_Info": "0.2 L | 2,3 €/L",
        "Categorias_GTM": "Categoria Referência SFCC, Leite Aromatizado, Leite, Natas e Ovos, As Nossas Marcas, Pingo Doce",
        "Data_Coleta": "2025-06-01 01:55:49"
    },
    {
        "ID_Produto": "403045",
        "Categoria_Scraping": "leite-e-ovos",
        "Nome": "Leite Aromatizado com Morango Pack 4",
        "Marca": "Mimosa",
        "Preco": 1.99,
        "Unidade_Info": "4 x0.2 L | 2,49 €/L",
        "Categorias_GTM": "Leite Aromatizado, Leite, Natas e Ovos, Categoria Referência SFCC",
        "Data_Coleta": "2025-06-01 01:55:49"
    },
    {
        "ID_Produto": "882442",
        "Categoria_Scraping": "leite-e-ovos",
        "Nome": "Leite Fresco Meio Gordo",
        "Marca": "Pingo Doce",
        "Preco": 0.99,
        "Unidade_Info": "1 L | 0,99 €/L",
        "Categorias_GTM": "Leite Fresco, Leite, Natas e Ovos, As Nossas Marcas, Pingo Doce, Categoria Referência SFCC",
        "Data_Coleta": "2025-06-01 01:55:49"
    },
    {
        "ID_Produto": "919502",
        "Categoria_Scraping": "leite-e-ovos",
        "Nome": "Leite Fresco Meio Gordo sem Lactose",
        "Marca": "Pingo Doce",
        "Preco": 1.14,
        "Unidade_Info": "1 L | 1,14 €/L",
        "Categorias_GTM": "As Nossas Marcas, Pingo Doce, Leite Fresco, Leite, Natas e Ovos, Categoria Referência SFCC",
        "Data_Coleta": "2025-06-01 01:55:49"
    },
    {
        "ID_Produto": "843764",
        "Categoria_Scraping": "leite-e-ovos",
        "Nome": "Leite Gordo Fresco",
        "Marca": "Vigor",
        "Preco": 1.19,
        "Unidade_Info": "1 L | 1,19 €/L",
        "Categorias_GTM": "Categoria Referência SFCC, Leite Fresco, Leite, Natas e Ovos",
        "Data_Coleta": "2025-06-01 01:55:55"
    },
    {
        "ID_Produto": "930665",
        "Categoria_Scraping": "leite-e-ovos",
        "Nome": "Leite Magro Enriquecido em Ómega 3 e Minerais",
        "Marca": "Pura Vida",
        "Preco": 1.49,
        "Unidade_Info": "1 L | 1,49 €/L",
        "Categorias_GTM": "Leite, Natas e Ovos, Leite Magro, As Nossas Marcas, Categoria Referência SFCC",
        "Data_Coleta": "2025-06-01 01:55:55"
    },
    {
        "ID_Produto": "843765",
        "Categoria_Scraping": "leite-e-ovos",
        "Nome": "Leite Pasteurizado Meio Gordo sem Lactose",
        "Marca": "Vigor",
        "Preco": 1.34,
        "Unidade_Info": "1 L | 1,34 €/L",
        "Categorias_GTM": "Categoria Referência SFCC, Leite Fresco, Leite, Natas e Ovos",
        "Data_Coleta": "2025-06-01 01:55:55"
    },
    {
        "ID_Produto": "946150",
        "Categoria_Scraping": "leite-e-ovos",
        "Nome": "Leite Proteína Café sem Lactose Pack 3",
        "Marca": "Mimosa",
        "Preco": 3.19,
        "Unidade_Info": "3 x0.25 L | 4,25 €/L",
        "Categorias_GTM": "Categoria Referência SFCC, Leite Aromatizado, Leite, Natas e Ovos",
        "Data_Coleta": "2025-06-01 01:55:55"
    },
    {
        "ID_Produto": "56765",
        "Categoria_Scraping": "leite-e-ovos",
        "Nome": "Leite UHT Magro Cálcio Bem Especial",
        "Marca": "Mimosa",
        "Preco": 1.14,
        "Unidade_Info": "1 L | 1,14 €/L",
        "Categorias_GTM": "Categoria Referência SFCC, Leite Magro, Leite, Natas e Ovos",
        "Data_Coleta": "2025-06-01 01:55:55"
    },
    {
        "ID_Produto": "936363",
        "Categoria_Scraping": "leite-e-ovos",
        "Nome": "Leite UHT Magro Pastagem Açores",
        "Marca": "Milhafre",
        "Preco": 0.89,
        "Unidade_Info": "1 L | 0,89 €/L",
        "Categorias_GTM": "Leite Magro, Leite, Natas e Ovos, Promoções, Poupe Esta Semana, Categoria Referência SFCC",
        "Data_Coleta": "2025-06-01 01:55:55"
    },
    {
        "ID_Produto": "943770",
        "Categoria_Scraping": "leite-e-ovos",
        "Nome": "Leite UHT Magro sem Lactose",
        "Marca": "Pingo Doce",
        "Preco": 0.44,
        "Unidade_Info": "0.2 L | 2,2 €/L",
        "Categorias_GTM": "Categoria Referência SFCC, Leite Gordo e Meio Gordo, Leite, Natas e Ovos, As Nossas Marcas, Pingo Doce",
        "Data_Coleta": "2025-06-01 01:55:55"
    },
    {
        "ID_Produto": "946148",
        "Categoria_Scraping": "leite-e-ovos",
        "Nome": "Leite UHT Magro sem Lactose",
        "Marca": "Gresso",
        "Preco": 1.15,
        "Unidade_Info": "1 L | 1,15 €/L",
        "Categorias_GTM": "Categoria Referência SFCC, Leite Magro, Leite, Natas e Ovos",
        "Data_Coleta": "2025-06-01 01:55:55"
    },
    {
        "ID_Produto": "56764",
        "Categoria_Scraping": "leite-e-ovos",
        "Nome": "Leite UHT Meio Gordo Bem Especial Cálcio",
        "Marca": "Mimosa",
        "Preco": 1.14,
        "Unidade_Info": "1 L | 1,14 €/L",
        "Categorias_GTM": "Categoria Referência SFCC, Leite, Natas e Ovos, Leite Gordo e Meio Gordo",
        "Data_Coleta": "2025-06-01 01:55:55"
    },
    {
        "ID_Produto": "903987",
        "Categoria_Scraping": "leite-e-ovos",
        "Nome": "Leite UHT Meio Gordo Pastagem Açores",
        "Marca": "Milhafre",
        "Preco": 1.39,
        "Unidade_Info": "1 Un | 1,39 €/Un",
        "Categorias_GTM": "Leite Gordo e Meio Gordo, Leite, Natas e Ovos, Categoria Referência SFCC",
        "Data_Coleta": "2025-06-01 01:55:55"
    },
    {
        "ID_Produto": "919501",
        "Categoria_Scraping": "leite-e-ovos",
        "Nome": "Leite UHT Meio Gordo sem Lactose",
        "Marca": "Pingo Doce",
        "Preco": 0.44,
        "Unidade_Info": "0.2 L | 2,2 €/L",
        "Categorias_GTM": "Leite Gordo e Meio Gordo, Leite, Natas e Ovos, As Nossas Marcas, Pingo Doce, Categoria Referência SFCC",
        "Data_Coleta": "2025-06-01 01:55:55"
    },
    {
        "ID_Produto": "348858",
        "Categoria_Scraping": "leite-e-ovos",
        "Nome": "Molho Béchamel",
        "Marca": "Parmalat",
        "Preco": 2.25,
        "Unidade_Info": "0.5 L | 4,5 €/L",
        "Categorias_GTM": "Leite, Natas e Ovos, Natas, Béchamel e Chantilly, Categoria Referência SFCC",
        "Data_Coleta": "2025-06-01 01:55:55"
    },
    {
        "ID_Produto": "919803",
        "Categoria_Scraping": "leite-e-ovos",
        "Nome": "Natas Frescas",
        "Marca": "Pingo Doce",
        "Preco": 1.49,
        "Unidade_Info": "0.2 L | 7,45 €/L",
        "Categorias_GTM": "As Nossas Marcas, Pingo Doce, Leite, Natas e Ovos, Natas, Béchamel e Chantilly, Categoria Referência SFCC",
        "Data_Coleta": "2025-06-01 01:56:01"
    },
    {
        "ID_Produto": "286952",
        "Categoria_Scraping": "leite-e-ovos",
        "Nome": "Natas Frescas para Culinária",
        "Marca": "Président",
        "Preco": 1.97,
        "Unidade_Info": "0.2 L | 9,85 €/L",
        "Categorias_GTM": "Leite, Natas e Ovos, Natas, Béchamel e Chantilly, Categoria Referência SFCC, Poupe Esta Semana, Promoções",
        "Data_Coleta": "2025-06-01 01:56:01"
    },
    {
        "ID_Produto": "808165",
        "Categoria_Scraping": "leite-e-ovos",
        "Nome": "Natas para Carbonara",
        "Marca": "Parmalat",
        "Preco": 1.05,
        "Unidade_Info": "0.2 L | 5,25 €/L",
        "Categorias_GTM": "Leite, Natas e Ovos, Natas, Béchamel e Chantilly, Categoria Referência SFCC, Poupe Esta Semana, Promoções",
        "Data_Coleta": "2025-06-01 01:56:01"
    },
    {
        "ID_Produto": "967309",
        "Categoria_Scraping": "leite-e-ovos",
        "Nome": "Natas para Carne",
        "Marca": "Mimosa",
        "Preco": 1.24,
        "Unidade_Info": "0.2 L | 6,2 €/L",
        "Categorias_GTM": "Leite, Natas e Ovos, Natas, Béchamel e Chantilly, Categoria Referência SFCC",
        "Data_Coleta": "2025-06-01 01:56:01"
    },
    {
        "ID_Produto": "951768",
        "Categoria_Scraping": "leite-e-ovos",
        "Nome": "Natas para Culinária sem Lactose",
        "Marca": "Mimosa",
        "Preco": 1.24,
        "Unidade_Info": "0.2 L | 6,2 €/L",
        "Categorias_GTM": "Categoria Referência SFCC, Leite, Natas e Ovos, Natas, Béchamel e Chantilly",
        "Data_Coleta": "2025-06-01 01:56:01"
    },
    {
        "ID_Produto": "967310",
        "Categoria_Scraping": "leite-e-ovos",
        "Nome": "Natas para Massas",
        "Marca": "Mimosa",
        "Preco": 1.24,
        "Unidade_Info": "0.2 L | 6,2 €/L",
        "Categorias_GTM": "Leite, Natas e Ovos, Natas, Béchamel e Chantilly, Categoria Referência SFCC",
        "Data_Coleta": "2025-06-01 01:56:01"
    },
    {
        "ID_Produto": "652049",
        "Categoria_Scraping": "leite-e-ovos",
        "Nome": "Natas Pasteurizadas",
        "Marca": "Longa Vida",
        "Preco": 2.3,
        "Unidade_Info": "0.2 L | 11,5 €/L",
        "Categorias_GTM": "Categoria Referência SFCC, Leite, Natas e Ovos, Natas, Béchamel e Chantilly",
        "Data_Coleta": "2025-06-01 01:56:01"
    },
    {
        "ID_Produto": "876481",
        "Categoria_Scraping": "leite-e-ovos",
        "Nome": "Natas UHT",
        "Marca": "Gresso",
        "Preco": 0.85,
        "Unidade_Info": "0.2 L | 4,25 €/L",
        "Categorias_GTM": "Leite, Natas e Ovos, Natas, Béchamel e Chantilly, Categoria Referência SFCC, Poupe Esta Semana, Promoções",
        "Data_Coleta": "2025-06-01 01:56:01"
    },
    {
        "ID_Produto": "808188",
        "Categoria_Scraping": "leite-e-ovos",
        "Nome": "Natas UHT com Cogumelos",
        "Marca": "Parmalat",
        "Preco": 1.05,
        "Unidade_Info": "0.2 L | 5,25 €/L",
        "Categorias_GTM": "Categoria Referência SFCC, Leite, Natas e Ovos, Natas, Béchamel e Chantilly, Poupe Esta Semana, Promoções",
        "Data_Coleta": "2025-06-01 01:56:01"
    },
    {
        "ID_Produto": "856780",
        "Categoria_Scraping": "leite-e-ovos",
        "Nome": "Natas UHT Sem Lactose",
        "Marca": "Mimosa",
        "Preco": 1.24,
        "Unidade_Info": "0.2 L | 6,2 €/L",
        "Categorias_GTM": "Categoria Referência SFCC, Leite, Natas e Ovos, Natas, Béchamel e Chantilly",
        "Data_Coleta": "2025-06-01 01:56:01"
    },
    {
        "ID_Produto": "469590",
        "Categoria_Scraping": "leite-e-ovos",
        "Nome": "Ovos de Codorniz",
        "Marca": "Pingo Doce",
        "Preco": 1.3,
        "Unidade_Info": "12 Un | 0,11 €/Un",
        "Categorias_GTM": "Leite, Natas e Ovos, Ovos, Categoria Referência SFCC, As Nossas Marcas, Pingo Doce",
        "Data_Coleta": "2025-06-01 01:56:01"
    },
    {
        "ID_Produto": "973184",
        "Categoria_Scraping": "leite-e-ovos",
        "Nome": "Bebida Vegetal de Aveia e Chocolate sem Açúcar Pack 3",
        "Marca": "Pingo Doce",
        "Preco": 1.36,
        "Unidade_Info": "3 x0.2 L | 2,27 €/L",
        "Categorias_GTM": "Bebida Vegetal, Leite, Natas e Ovos, As Nossas Marcas, Pingo Doce, Categoria Referência SFCC",
        "Data_Coleta": "2025-06-01 01:56:01"
    },
    {
        "ID_Produto": "985025",
        "Categoria_Scraping": "leite-e-ovos",
        "Nome": "Bebida Vegetal de Aveia Pack 3",
        "Marca": "Pingo Doce",
        "Preco": 1.06,
        "Unidade_Info": "3 x0.2 L | 1,77 €/L",
        "Categorias_GTM": "As Nossas Marcas, Pingo Doce, Bebida Vegetal, Leite, Natas e Ovos, Categoria Referência SFCC",
        "Data_Coleta": "2025-06-01 01:56:07"
    },
    {
        "ID_Produto": "968543",
        "Categoria_Scraping": "leite-e-ovos",
        "Nome": "Bebida Vegetal de Soja Baunilha",
        "Marca": "Pingo Doce",
        "Preco": 0.94,
        "Unidade_Info": "1 L | 0,94 €/L",
        "Categorias_GTM": "Bebida Vegetal, Leite, Natas e Ovos, As Nossas Marcas, Pingo Doce, Categoria Referência SFCC",
        "Data_Coleta": "2025-06-01 01:56:07"
    },
    {
        "ID_Produto": "960349",
        "Categoria_Scraping": "leite-e-ovos",
        "Nome": "Bebida Vegetal de Soja Original Pack 3",
        "Marca": "Pingo Doce",
        "Preco": 1.03,
        "Unidade_Info": "3 x0.2 L | 1,72 €/L",
        "Categorias_GTM": "Bebida Vegetal, Leite, Natas e Ovos, As Nossas Marcas, Pingo Doce, Categoria Referência SFCC",
        "Data_Coleta": "2025-06-01 01:56:07"
    },
    {
        "ID_Produto": "986097",
        "Categoria_Scraping": "leite-e-ovos",
        "Nome": "Creme Vegetal de Soja para Culinária Light",
        "Marca": "Pingo Doce",
        "Preco": 1.19,
        "Unidade_Info": "0.2 L | 5,95 €/L",
        "Categorias_GTM": "As Nossas Marcas, Pingo Doce, Leite, Natas e Ovos, Natas, Béchamel e Chantilly, Categoria Referência SFCC",
        "Data_Coleta": "2025-06-01 01:56:07"
    },
    {
        "ID_Produto": "882443",
        "Categoria_Scraping": "leite-e-ovos",
        "Nome": "Leite Fresco Magro",
        "Marca": "Pingo Doce",
        "Preco": 0.99,
        "Unidade_Info": "1 L | 0,99 €/L",
        "Categorias_GTM": "As Nossas Marcas, Pingo Doce, Leite Fresco, Leite, Natas e Ovos, Categoria Referência SFCC",
        "Data_Coleta": "2025-06-01 01:56:07"
    },
    {
        "ID_Produto": "945049",
        "Categoria_Scraping": "leite-e-ovos",
        "Nome": "Leite UHT Magro",
        "Marca": "Pingo Doce",
        "Preco": 0.31,
        "Unidade_Info": "0.2 L | 1,55 €/L",
        "Categorias_GTM": "As Nossas Marcas, Pingo Doce, Categoria Referência SFCC, Leite Magro, Leite, Natas e Ovos",
        "Data_Coleta": "2025-06-01 01:56:07"
    },
    {
        "ID_Produto": "980496",
        "Categoria_Scraping": "leite-e-ovos",
        "Nome": "Leite UHT Magro",
        "Marca": "Pingo Doce",
        "Preco": 0.99,
        "Unidade_Info": "1 L | 0,99 €/L",
        "Categorias_GTM": "As Nossas Marcas, Pingo Doce, Leite Magro, Leite, Natas e Ovos, Categoria Referência SFCC",
        "Data_Coleta": "2025-06-01 01:56:07"
    },
    {
        "ID_Produto": "980495",
        "Categoria_Scraping": "leite-e-ovos",
        "Nome": "Leite UHT Meio Gordo",
        "Marca": "Pingo Doce",
        "Preco": 0.99,
        "Unidade_Info": "1 L | 0,99 €/L",
        "Categorias_GTM": "As Nossas Marcas, Pingo Doce, Leite Gordo e Meio Gordo, Leite, Natas e Ovos, Categoria Referência SFCC",
        "Data_Coleta": "2025-06-01 01:56:07"
    },
    {
        "ID_Produto": "969021",
        "Categoria_Scraping": "leite-e-ovos",
        "Nome": "Bebida Proteica de Soja com Chocolate",
        "Marca": "Alpro",
        "Preco": 1.59,
        "Unidade_Info": "0.75 L | 2,12 €/L",
        "Categorias_GTM": "Bebida Vegetal, Leite, Natas e Ovos, Categoria Referência SFCC, Poupe Este Fim De Semana, Poupe Esta Semana",
        "Data_Coleta": "2025-06-01 01:56:07"
    },
    {
        "ID_Produto": "847501",
        "Categoria_Scraping": "leite-e-ovos",
        "Nome": "Bebida Vegetal de Arroz e Coco",
        "Marca": "Alpro",
        "Preco": 2.49,
        "Unidade_Info": "1 L | 2,49 €/L",
        "Categorias_GTM": "Categoria Referência SFCC, Bebida Vegetal, Leite, Natas e Ovos",
        "Data_Coleta": "2025-06-01 01:56:07"
    },
    {
        "ID_Produto": "968484",
        "Categoria_Scraping": "leite-e-ovos",
        "Nome": "Bebida Vegetal de Aveia Barista",
        "Marca": "Alpro",
        "Preco": 2.14,
        "Unidade_Info": "1 L | 2,14 €/L",
        "Categorias_GTM": "Bebida Vegetal, Leite, Natas e Ovos, Categoria Referência SFCC, Poupe Esta Semana, Promoções",
        "Data_Coleta": "2025-06-01 01:56:07"
    },
    {
        "ID_Produto": "847248",
        "Categoria_Scraping": "leite-e-ovos",
        "Nome": "Bebida Vegetal de Aveia e Amêndoa",
        "Marca": "Alpro",
        "Preco": 2.49,
        "Unidade_Info": "1 L | 2,49 €/L",
        "Categorias_GTM": "Categoria Referência SFCC, Bebida Vegetal, Leite, Natas e Ovos",
        "Data_Coleta": "2025-06-01 01:56:07"
    },
    {
        "ID_Produto": "940593",
        "Categoria_Scraping": "leite-e-ovos",
        "Nome": "Bebida Vegetal de Avelã",
        "Marca": "Alpro",
        "Preco": 2.59,
        "Unidade_Info": "1 L | 2,59 €/L",
        "Categorias_GTM": "Categoria Referência SFCC, Bebida Vegetal, Leite, Natas e Ovos",
        "Data_Coleta": "2025-06-01 01:56:13"
    },
    {
        "ID_Produto": "756987001",
        "Categoria_Scraping": "leite-e-ovos",
        "Nome": "Bebida Vegetal de Soja Baunilha",
        "Marca": "Alpro",
        "Preco": 2.49,
        "Unidade_Info": "1 L | 2,49 €/L",
        "Categorias_GTM": "Categoria Referência SFCC, Bebida Vegetal, Leite, Natas e Ovos",
        "Data_Coleta": "2025-06-01 01:56:13"
    },
    {
        "ID_Produto": "960252",
        "Categoria_Scraping": "leite-e-ovos",
        "Nome": "Bebida Vegetal de Soja Baunilha",
        "Marca": "Alpro",
        "Preco": 0.79,
        "Unidade_Info": "0.25 L | 3,16 €/L",
        "Categorias_GTM": "Bebida Vegetal, Leite, Natas e Ovos, Categoria Referência SFCC, Poupe Esta Semana, Promoções",
        "Data_Coleta": "2025-06-01 01:56:13"
    },
    {
        "ID_Produto": "840331",
        "Categoria_Scraping": "leite-e-ovos",
        "Nome": "Bebida Vegetal de Soja com Chocolate",
        "Marca": "Alpro",
        "Preco": 2.19,
        "Unidade_Info": "3 x0.25 L | 2,92 €/L",
        "Categorias_GTM": "Bebida Vegetal, Leite, Natas e Ovos, Categoria Referência SFCC, Poupe Esta Semana, Promoções",
        "Data_Coleta": "2025-06-01 01:56:13"
    },
    {
        "ID_Produto": "840332",
        "Categoria_Scraping": "leite-e-ovos",
        "Nome": "Bebida Vegetal de Soja com Frutos Vermelhos Pack 3",
        "Marca": "Alpro",
        "Preco": 2.19,
        "Unidade_Info": "3 x0.25 L | 2,92 €/L",
        "Categorias_GTM": "Bebida Vegetal, Leite, Natas e Ovos, Categoria Referência SFCC, Poupe Esta Semana, Promoções",
        "Data_Coleta": "2025-06-01 01:56:13"
    },
    {
        "ID_Produto": "985034",
        "Categoria_Scraping": "leite-e-ovos",
        "Nome": "Bebida Vegetal de Soja Not Milk",
        "Marca": "Alpro",
        "Preco": 2.59,
        "Unidade_Info": "1 L | 2,59 €/L",
        "Categorias_GTM": "Bebida Vegetal, Leite, Natas e Ovos, Categoria Referência SFCC",
        "Data_Coleta": "2025-06-01 01:56:13"
    },
    {
        "ID_Produto": "985204",
        "Categoria_Scraping": "leite-e-ovos",
        "Nome": "Bebida Vegetal de Soja Not Milk Light",
        "Marca": "Alpro",
        "Preco": 2.59,
        "Unidade_Info": "1 L | 2,59 €/L",
        "Categorias_GTM": "Bebida Vegetal, Leite, Natas e Ovos, Categoria Referência SFCC",
        "Data_Coleta": "2025-06-01 01:56:13"
    },
    {
        "ID_Produto": "960228",
        "Categoria_Scraping": "leite-e-ovos",
        "Nome": "Bebida Vegetal de Soja sem Açúcar",
        "Marca": "Alpro",
        "Preco": 2.59,
        "Unidade_Info": "1 L | 2,59 €/L",
        "Categorias_GTM": "Bebida Vegetal, Leite, Natas e Ovos, Categoria Referência SFCC",
        "Data_Coleta": "2025-06-01 01:56:13"
    },
    {
        "ID_Produto": "81580",
        "Categoria_Scraping": "leite-e-ovos",
        "Nome": "Chantilly",
        "Marca": "Mimosa",
        "Preco": 2.89,
        "Unidade_Info": "0.25 Kg | 11,56 €/Kg",
        "Categorias_GTM": "Categoria Referência SFCC, Leite, Natas e Ovos, Natas, Béchamel e Chantilly",
        "Data_Coleta": "2025-06-01 01:56:13"
    },
    {
        "ID_Produto": "703862",
        "Categoria_Scraping": "leite-e-ovos",
        "Nome": "Creme de Soja Fresco para Bater",
        "Marca": "Alpro",
        "Preco": 1.99,
        "Unidade_Info": "0.25 L | 7,96 €/L",
        "Categorias_GTM": "Categoria Referência SFCC, Leite, Natas e Ovos, Natas, Béchamel e Chantilly",
        "Data_Coleta": "2025-06-01 01:56:13"
    },
    {
        "ID_Produto": "699910",
        "Categoria_Scraping": "leite-e-ovos",
        "Nome": "Creme de Soja para Culinária",
        "Marca": "Alpro",
        "Preco": 1.79,
        "Unidade_Info": "0.25 L | 7,16 €/L",
        "Categorias_GTM": "Categoria Referência SFCC, Leite, Natas e Ovos, Natas, Béchamel e Chantilly",
        "Data_Coleta": "2025-06-01 01:56:13"
    },
    {
        "ID_Produto": "751353",
        "Categoria_Scraping": "leite-e-ovos",
        "Nome": "Creme Vegetal de Soja Light para Culinária",
        "Marca": "Alpro",
        "Preco": 1.89,
        "Unidade_Info": "0.25 L | 7,56 €/L",
        "Categorias_GTM": "Categoria Referência SFCC, Leite, Natas e Ovos, Natas, Béchamel e Chantilly",
        "Data_Coleta": "2025-06-01 01:56:13"
    },
    {
        "ID_Produto": "813306",
        "Categoria_Scraping": "leite-e-ovos",
        "Nome": "Leite Achocolatado sem Lactose",
        "Marca": "Ucal",
        "Preco": 0.84,
        "Unidade_Info": "0.25 L | 3,36 €/L",
        "Categorias_GTM": "Categoria Referência SFCC, Leite Aromatizado, Leite, Natas e Ovos, Poupe Esta Semana, Promoções",
        "Data_Coleta": "2025-06-01 01:56:20"
    },
    {
        "ID_Produto": "936362",
        "Categoria_Scraping": "leite-e-ovos",
        "Nome": "Leite Achocolatado sem Lactose Pack 4",
        "Marca": "Agros",
        "Preco": 2.39,
        "Unidade_Info": "4 x0.2 L | 2,99 €/L",
        "Categorias_GTM": "Categoria Referência SFCC, Leite Aromatizado, Leite, Natas e Ovos",
        "Data_Coleta": "2025-06-01 01:56:20"
    },
    {
        "ID_Produto": "754753",
        "Categoria_Scraping": "leite-e-ovos",
        "Nome": "Leite Galão Pack 3",
        "Marca": "Ucal",
        "Preco": 1.79,
        "Unidade_Info": "3 x0.2 L | 2,98 €/L",
        "Categorias_GTM": "Leite Aromatizado, Leite, Natas e Ovos, Categoria Referência SFCC, Poupe Este Fim De Semana, Poupe Esta Semana",
        "Data_Coleta": "2025-06-01 01:56:20"
    },
    {
        "ID_Produto": "839122",
        "Categoria_Scraping": "leite-e-ovos",
        "Nome": "Leite Meio Gordo Pack 4",
        "Marca": "Vigor",
        "Preco": 1.99,
        "Unidade_Info": "4 x0.25 L | 1,99 €/L",
        "Categorias_GTM": "Leite Fresco, Leite, Natas e Ovos, Categoria Referência SFCC",
        "Data_Coleta": "2025-06-01 01:56:20"
    },
    {
        "ID_Produto": "989753",
        "Categoria_Scraping": "leite-e-ovos",
        "Nome": "Leite Pasteurizado Chocolate",
        "Marca": "Vigor",
        "Preco": 1.49,
        "Unidade_Info": "0.23 L | 6,48 €/L",
        "Categorias_GTM": "Leite Fresco, Leite, Natas e Ovos, Categoria Referência SFCC",
        "Data_Coleta": "2025-06-01 01:56:20"
    },
    {
        "ID_Produto": "989752",
        "Categoria_Scraping": "leite-e-ovos",
        "Nome": "Leite Pasteurizado Macchiato",
        "Marca": "Vigor",
        "Preco": 1.49,
        "Unidade_Info": "0.23 L | 6,48 €/L",
        "Categorias_GTM": "Leite, Natas e Ovos, Leite Fresco, Categoria Referência SFCC",
        "Data_Coleta": "2025-06-01 01:56:20"
    },
    {
        "ID_Produto": "843763",
        "Categoria_Scraping": "leite-e-ovos",
        "Nome": "Leite Pasteurizado Magro",
        "Marca": "Vigor",
        "Preco": 1.14,
        "Unidade_Info": "1 L | 1,14 €/L",
        "Categorias_GTM": "Categoria Referência SFCC, Leite Fresco, Leite, Natas e Ovos",
        "Data_Coleta": "2025-06-01 01:56:20"
    },
    {
        "ID_Produto": "982579",
        "Categoria_Scraping": "leite-e-ovos",
        "Nome": "Leite Proteína Baunilha sem Lactose",
        "Marca": "Mimosa",
        "Preco": 2.79,
        "Unidade_Info": "1 L | 2,79 €/L",
        "Categorias_GTM": "Bebida Vegetal, Leite, Natas e Ovos, Categoria Referência SFCC",
        "Data_Coleta": "2025-06-01 01:56:20"
    },
    {
        "ID_Produto": "935109",
        "Categoria_Scraping": "leite-e-ovos",
        "Nome": "Leite Proteína Morango sem Lactose Pack 3",
        "Marca": "Mimosa",
        "Preco": 3.19,
        "Unidade_Info": "3 x0.25 L | 4,25 €/L",
        "Categorias_GTM": "Leite Aromatizado, Leite, Natas e Ovos, Categoria Referência SFCC",
        "Data_Coleta": "2025-06-01 01:56:20"
    },
    {
        "ID_Produto": "900476",
        "Categoria_Scraping": "leite-e-ovos",
        "Nome": "Leite UHT Inteiro de Pastagem",
        "Marca": "Terra Nostra",
        "Preco": 1.17,
        "Unidade_Info": "1 L | 1,17 €/L",
        "Categorias_GTM": "Leite Gordo e Meio Gordo, Leite, Natas e Ovos, Categoria Referência SFCC",
        "Data_Coleta": "2025-06-01 01:56:20"
    },
    {
        "ID_Produto": "988900",
        "Categoria_Scraping": "leite-e-ovos",
        "Nome": "Leite UHT Magro",
        "Marca": "Matinal",
        "Preco": 1.49,
        "Unidade_Info": "1 L | 1,49 €/L",
        "Categorias_GTM": "Leite Magro, Leite, Natas e Ovos, Categoria Referência SFCC",
        "Data_Coleta": "2025-06-01 01:56:20"
    },
    {
        "ID_Produto": "671244",
        "Categoria_Scraping": "leite-e-ovos",
        "Nome": "Leite UHT Magro",
        "Marca": "Nova Açores",
        "Preco": 0.98,
        "Unidade_Info": "1 L | 0,98 €/L",
        "Categorias_GTM": "Categoria Referência SFCC, Leite Magro, Leite, Natas e Ovos",
        "Data_Coleta": "2025-06-01 01:56:20"
    },
    {
        "ID_Produto": "876247",
        "Categoria_Scraping": "leite-e-ovos",
        "Nome": "Leite UHT Magro Achocolatado Pack 4",
        "Marca": "Mimosa",
        "Preco": 1.89,
        "Unidade_Info": "4 x0.2 L | 2,36 €/L",
        "Categorias_GTM": "Leite Aromatizado, Leite, Natas e Ovos, Categoria Referência SFCC, Poupe Este Fim De Semana, Poupe Esta Semana",
        "Data_Coleta": "2025-06-01 01:56:26"
    },
    {
        "ID_Produto": "980834",
        "Categoria_Scraping": "leite-e-ovos",
        "Nome": "Leite UHT Magro Cálcio sem Lactose",
        "Marca": "Mimosa",
        "Preco": 1.39,
        "Unidade_Info": "1 L | 1,39 €/L",
        "Categorias_GTM": "Leite Magro, Leite, Natas e Ovos, Categoria Referência SFCC",
        "Data_Coleta": "2025-06-01 01:56:26"
    },
    {
        "ID_Produto": "865418",
        "Categoria_Scraping": "leite-e-ovos",
        "Nome": "Leite UHT Magro Leve Pack 3",
        "Marca": "Matinal",
        "Preco": 1.43,
        "Unidade_Info": "3 x0.2 L | 2,38 €/L",
        "Categorias_GTM": "Leite Magro, Leite, Natas e Ovos, Categoria Referência SFCC, Poupe Este Fim De Semana, Poupe Esta Semana",
        "Data_Coleta": "2025-06-01 01:56:26"
    },
    {
        "ID_Produto": "989755",
        "Categoria_Scraping": "leite-e-ovos",
        "Nome": "Leite UHT Meio Gordo",
        "Marca": "Terra Alegre",
        "Preco": 0.85,
        "Unidade_Info": "1 L | 0,85 €/L",
        "Categorias_GTM": "Leite Gordo e Meio Gordo, Leite, Natas e Ovos, Categoria Referência SFCC, Poupe Este Fim De Semana, Promoções",
        "Data_Coleta": "2025-06-01 01:56:26"
    },
    {
        "ID_Produto": "416769",
        "Categoria_Scraping": "leite-e-ovos",
        "Nome": "Molho Béchamel",
        "Marca": "Parmalat",
        "Preco": 1.22,
        "Unidade_Info": "0.2 L | 6,1 €/L",
        "Categorias_GTM": "Leite, Natas e Ovos, Natas, Béchamel e Chantilly, Categoria Referência SFCC",
        "Data_Coleta": "2025-06-01 01:56:26"
    },
    {
        "ID_Produto": "557667",
        "Categoria_Scraping": "leite-e-ovos",
        "Nome": "Natas Pasteurizadas",
        "Marca": "Mimosa",
        "Preco": 1.99,
        "Unidade_Info": "0.2 L | 9,95 €/L",
        "Categorias_GTM": "Categoria Referência SFCC, Leite, Natas e Ovos, Natas, Béchamel e Chantilly",
        "Data_Coleta": "2025-06-01 01:56:26"
    },
    {
        "ID_Produto": "876482",
        "Categoria_Scraping": "leite-e-ovos",
        "Nome": "Natas UHT",
        "Marca": "Agros",
        "Preco": 1.05,
        "Unidade_Info": "0.2 L | 5,25 €/L",
        "Categorias_GTM": "Leite, Natas e Ovos, Natas, Béchamel e Chantilly, Categoria Referência SFCC",
        "Data_Coleta": "2025-06-01 01:56:26"
    },
    {
        "ID_Produto": "551223",
        "Categoria_Scraping": "leite-e-ovos",
        "Nome": "Natas UHT Cremosas Light",
        "Marca": "Mimosa",
        "Preco": 1.08,
        "Unidade_Info": "0.2 L | 5,4 €/L",
        "Categorias_GTM": "Categoria Referência SFCC, Leite, Natas e Ovos, Natas, Béchamel e Chantilly",
        "Data_Coleta": "2025-06-01 01:56:26"
    },
    {
        "ID_Produto": "808163",
        "Categoria_Scraping": "leite-e-ovos",
        "Nome": "Natas UHT Levíssima",
        "Marca": "Parmalat",
        "Preco": 0.91,
        "Unidade_Info": "0.2 L | 4,55 €/L",
        "Categorias_GTM": "Categoria Referência SFCC, Leite, Natas e Ovos, Natas, Béchamel e Chantilly, Poupe Este Fim De Semana, Poupe Esta Semana",
        "Data_Coleta": "2025-06-01 01:56:26"
    },
    {
        "ID_Produto": "45877",
        "Categoria_Scraping": "leite-e-ovos",
        "Nome": "Natas UHT para Bater",
        "Marca": "Parmalat",
        "Preco": 0.91,
        "Unidade_Info": "0.2 L | 4,55 €/L",
        "Categorias_GTM": "Categoria Referência SFCC, Leite, Natas e Ovos, Natas, Béchamel e Chantilly, Poupe Este Fim De Semana, Poupe Esta Semana",
        "Data_Coleta": "2025-06-01 01:56:26"
    },
    {
        "ID_Produto": "819385",
        "Categoria_Scraping": "leite-e-ovos",
        "Nome": "Natas UHT para Culinária sem Lactose",
        "Marca": "Parmalat",
        "Preco": 1.09,
        "Unidade_Info": "0.2 L | 5,45 €/L",
        "Categorias_GTM": "Categoria Referência SFCC, Leite, Natas e Ovos, Natas, Béchamel e Chantilly, Poupe Esta Semana, Promoções",
        "Data_Coleta": "2025-06-01 01:56:26"
    },
    {
        "ID_Produto": "985845",
        "Categoria_Scraping": "leite-e-ovos",
        "Nome": "Ovos de Solo Classe L",
        "Marca": "Velasco",
        "Preco": 3.29,
        "Unidade_Info": "12 Un | 0,27 €/Un",
        "Categorias_GTM": "Leite, Natas e Ovos, Ovos, Categoria Referência SFCC, Poupe Esta Semana, Promoções",
        "Data_Coleta": "2025-06-01 01:56:26"
    },
    {
        "ID_Produto": "893201",
        "Categoria_Scraping": "frigorificos",
        "Nome": "Manteiga com Sal",
        "Marca": "Pingo Doce",
        "Preco": 2.14,
        "Unidade_Info": "0.25 Kg | 8,56 €/Kg",
        "Categorias_GTM": "As Nossas Marcas, Pingo Doce, Categoria Referência SFCC, Frigorífico, Manteigas e Cremes para Barrar",
        "Data_Coleta": "2025-06-01 01:57:08"
    },
    {
        "ID_Produto": "844310",
        "Categoria_Scraping": "frigorificos",
        "Nome": "Queijo Flamengo Fatiado",
        "Marca": "Pingo Doce",
        "Preco": 3.35,
        "Unidade_Info": "0.4 Kg | 8,38 €/Kg",
        "Categorias_GTM": "Categoria Referência SFCC, As Nossas Marcas, Pingo Doce, Fatiado e Bola, Frigorífico",
        "Data_Coleta": "2025-06-01 01:57:08"
    },
    {
        "ID_Produto": "900685",
        "Categoria_Scraping": "frigorificos",
        "Nome": "Queijo Flamengo Fatiado",
        "Marca": "Pingo Doce",
        "Preco": 1.89,
        "Unidade_Info": "0.2 Kg | 9,45 €/Kg",
        "Categorias_GTM": "As Nossas Marcas, Pingo Doce, Fatiado e Bola, Frigorífico, Queijo",
        "Data_Coleta": "2025-06-01 01:57:08"
    },
    {
        "ID_Produto": "705591",
        "Categoria_Scraping": "frigorificos",
        "Nome": "Queijo Mozzarela Ralado",
        "Marca": "Pingo Doce",
        "Preco": 1.64,
        "Unidade_Info": "0.2 Kg | 8,2 €/Kg",
        "Categorias_GTM": "As Nossas Marcas, Pingo Doce, Categoria Referência SFCC, Frigorífico, Queijo",
        "Data_Coleta": "2025-06-01 01:57:08"
    },
    {
        "ID_Produto": "80323",
        "Categoria_Scraping": "frigorificos",
        "Nome": "Manteiga com Sal",
        "Marca": "Mimosa",
        "Preco": 2.44,
        "Unidade_Info": "0.25 Kg | 9,76 €/Kg",
        "Categorias_GTM": "Categoria Referência SFCC, Frigorífico, Manteigas e Cremes para Barrar",
        "Data_Coleta": "2025-06-01 01:57:08"
    },
    {
        "ID_Produto": "846659",
        "Categoria_Scraping": "frigorificos",
        "Nome": "Queijo Flamengo Fatiado",
        "Marca": "Limiano",
        "Preco": 4.99,
        "Unidade_Info": "0.4 Kg | 12,48 €/Kg",
        "Categorias_GTM": "Categoria Referência SFCC, Fatiado e Bola, Frigorífico, Queijo",
        "Data_Coleta": "2025-06-01 01:57:08"
    },
    {
        "ID_Produto": "846658",
        "Categoria_Scraping": "frigorificos",
        "Nome": "Queijo Flamengo Fatiado",
        "Marca": "Limiano",
        "Preco": 2.29,
        "Unidade_Info": "0.2 Kg | 11,45 €/Kg",
        "Categorias_GTM": "Categoria Referência SFCC, Fatiado e Bola, Frigorífico, Queijo, Poupe Este Fim De Semana",
        "Data_Coleta": "2025-06-01 01:57:08"
    },
    {
        "ID_Produto": "967308",
        "Categoria_Scraping": "frigorificos",
        "Nome": "Iogurte Grego Ligeiro Natural",
        "Marca": "Pingo Doce",
        "Preco": 2.29,
        "Unidade_Info": "1 Kg | 2,29 €/Kg",
        "Categorias_GTM": "As Nossas Marcas, Pingo Doce, Frigorífico, Gregos, Iogurtes",
        "Data_Coleta": "2025-06-01 01:57:08"
    },
    {
        "ID_Produto": "940497",
        "Categoria_Scraping": "frigorificos",
        "Nome": "Iogurte Grego Natural",
        "Marca": "Pingo Doce",
        "Preco": 2.29,
        "Unidade_Info": "1 Kg | 2,29 €/Kg",
        "Categorias_GTM": "As Nossas Marcas, Pingo Doce, Categoria Referência SFCC, Frigorífico, Gregos",
        "Data_Coleta": "2025-06-01 01:57:08"
    },
    {
        "ID_Produto": "860066",
        "Categoria_Scraping": "frigorificos",
        "Nome": "Iogurte Líquido Morango Pack 8",
        "Marca": "Yoggi",
        "Preco": 3.89,
        "Unidade_Info": "1.28 Kg | 3,04 €/Kg",
        "Categorias_GTM": "Frigorífico, Iogurtes, Líquidos, Categoria Referência SFCC",
        "Data_Coleta": "2025-06-01 01:57:08"
    },
    {
        "ID_Produto": "969872",
        "Categoria_Scraping": "frigorificos",
        "Nome": "Iogurte Natural Pack 8",
        "Marca": "Pingo Doce",
        "Preco": 1.39,
        "Unidade_Info": "1 Kg | 1,39 €/Kg",
        "Categorias_GTM": "As Nossas Marcas, Pingo Doce, Frigorífico, Iogurtes, Naturais",
        "Data_Coleta": "2025-06-01 01:57:08"
    },
    {
        "ID_Produto": "628467",
        "Categoria_Scraping": "frigorificos",
        "Nome": "Lasanha Bolonhesa Refrigerada",
        "Marca": "Pingo Doce",
        "Preco": 4.49,
        "Unidade_Info": "1 Kg | 4,49 €/Kg",
        "Categorias_GTM": "Categoria Referência SFCC, Frigorífico, Refeições, As Nossas Marcas, Pingo Doce",
        "Data_Coleta": "2025-06-01 01:57:08"
    },
    {
        "ID_Produto": "335310",
        "Categoria_Scraping": "frigorificos",
        "Nome": "Manteiga com Sal",
        "Marca": "Milhafre",
        "Preco": 2.49,
        "Unidade_Info": "0.25 Kg | 9,96 €/Kg",
        "Categorias_GTM": "Frigorífico, Manteigas e Cremes para Barrar, Categoria Referência SFCC",
        "Data_Coleta": "2025-06-01 01:57:21"
    },
    {
        "ID_Produto": "399740",
        "Categoria_Scraping": "frigorificos",
        "Nome": "Manteiga com Sal",
        "Marca": "Primor",
        "Preco": 2.49,
        "Unidade_Info": "0.25 Kg | 9,96 €/Kg",
        "Categorias_GTM": "Frigorífico, Manteigas e Cremes para Barrar, Categoria Referência SFCC",
        "Data_Coleta": "2025-06-01 01:57:21"
    },
    {
        "ID_Produto": "505142",
        "Categoria_Scraping": "frigorificos",
        "Nome": "Manteiga Com Sal Magra Couvete",
        "Marca": "Pingo Doce",
        "Preco": 2.05,
        "Unidade_Info": "0.25 Kg | 8,2 €/Kg",
        "Categorias_GTM": "Categoria Referência SFCC, Frigorífico, Manteigas e Cremes para Barrar, As Nossas Marcas, Pingo Doce",
        "Data_Coleta": "2025-06-01 01:57:21"
    },
    {
        "ID_Produto": "732515",
        "Categoria_Scraping": "frigorificos",
        "Nome": "Pizza Fresca de Fiambre e Queijo",
        "Marca": "Pingo Doce",
        "Preco": 2.49,
        "Unidade_Info": "0.41 Kg | 6,07 €/Kg",
        "Categorias_GTM": "As Nossas Marcas, Pingo Doce, Categoria Referência SFCC, Frigorífico, Pizzas",
        "Data_Coleta": "2025-06-01 01:57:21"
    },
    {
        "ID_Produto": "556185",
        "Categoria_Scraping": "frigorificos",
        "Nome": "Queijjo Flamengo em Barra Fatiado no Balcão",
        "Marca": "Pingo Doce",
        "Preco": 7.49,
        "Unidade_Info": "0.2 Kg",
        "Categorias_GTM": "Fatiado e Bola, Frigorífico, Queijo, Categoria Referência SFCC, As Nossas Marcas",
        "Data_Coleta": "2025-06-01 01:57:21"
    },
    {
        "ID_Produto": "863869",
        "Categoria_Scraping": "frigorificos",
        "Nome": "Queijo Burrata com Leite de Búfala",
        "Marca": "Pingo Doce Iguarias",
        "Preco": 2.19,
        "Unidade_Info": "0.125 Kg | 17,52 €/Kg",
        "Categorias_GTM": "As Nossas Iguarias, As Nossas Marcas, Estrangeiro, Frigorífico, Queijo",
        "Data_Coleta": "2025-06-01 01:57:21"
    },
    {
        "ID_Produto": "852620",
        "Categoria_Scraping": "frigorificos",
        "Nome": "Queijo Feta DOP Iguarias",
        "Marca": "Pingo Doce Iguarias",
        "Preco": 2.39,
        "Unidade_Info": "0.2 Kg | 11,95 €/Kg",
        "Categorias_GTM": "As Nossas Iguarias, As Nossas Marcas, Estrangeiro, Queijo, Frigorífico",
        "Data_Coleta": "2025-06-01 01:57:21"
    },
    {
        "ID_Produto": "337161",
        "Categoria_Scraping": "frigorificos",
        "Nome": "Queijo Flamengo",
        "Marca": "Terra Nostra",
        "Preco": 9.29,
        "Unidade_Info": "0.2 Kg",
        "Categorias_GTM": "Fatiado e Bola, Frigorífico, Queijo, Categoria Referência SFCC, Poupe Este Fim De Semana",
        "Data_Coleta": "2025-06-01 01:57:21"
    },
    {
        "ID_Produto": "846660",
        "Categoria_Scraping": "frigorificos",
        "Nome": "Queijo Flamengo -50% Gordura Fatiado",
        "Marca": "Limiano",
        "Preco": 2.39,
        "Unidade_Info": "0.2 Kg | 11,95 €/Kg",
        "Categorias_GTM": "Categoria Referência SFCC, Fatiado e Bola, Frigorífico, Queijo, Poupe Esta Semana",
        "Data_Coleta": "2025-06-01 01:57:21"
    },
    {
        "ID_Produto": "846661",
        "Categoria_Scraping": "frigorificos",
        "Nome": "Queijo Flamengo -50% Gordura Fatiado",
        "Marca": "Limiano",
        "Preco": 5.09,
        "Unidade_Info": "0.4 Kg | 12,73 €/Kg",
        "Categorias_GTM": "Categoria Referência SFCC, Fatiado e Bola, Frigorífico, Queijo",
        "Data_Coleta": "2025-06-01 01:57:21"
    },
    {
        "ID_Produto": "879922",
        "Categoria_Scraping": "frigorificos",
        "Nome": "Queijo Flamengo Fatiado",
        "Marca": "Terra Nostra",
        "Preco": 4.19,
        "Unidade_Info": "0.4 Kg | 10,48 €/Kg",
        "Categorias_GTM": "Fatiado e Bola, Frigorífico, Queijo, Categoria Referência SFCC, Poupe Esta Semana",
        "Data_Coleta": "2025-06-01 01:57:21"
    },
    {
        "ID_Produto": "953134",
        "Categoria_Scraping": "frigorificos",
        "Nome": "Queijo Flamengo Fatiado",
        "Marca": "Campainha",
        "Preco": 4.45,
        "Unidade_Info": "0.4 Kg | 11,13 €/Kg",
        "Categorias_GTM": "Categoria Referência SFCC, Fatiado e Bola, Frigorífico, Queijo",
        "Data_Coleta": "2025-06-01 01:57:21"
    },
    {
        "ID_Produto": "879712",
        "Categoria_Scraping": "frigorificos",
        "Nome": "Queijo Flamengo Fatiado",
        "Marca": "Terra Nostra",
        "Preco": 2.79,
        "Unidade_Info": "0.2 Kg | 13,95 €/Kg",
        "Categorias_GTM": "Fatiado e Bola, Frigorífico, Queijo, Categoria Referência SFCC",
        "Data_Coleta": "2025-06-01 01:57:26"
    },
    {
        "ID_Produto": "477812",
        "Categoria_Scraping": "frigorificos",
        "Nome": "Queijo Mini Light",
        "Marca": "Babybel",
        "Preco": 2.59,
        "Unidade_Info": "0.12 Kg | 21,58 €/Kg",
        "Categorias_GTM": "Frigorífico, Categoria Referência SFCC, Queijo, Snacks de Queijo",
        "Data_Coleta": "2025-06-01 01:57:26"
    },
    {
        "ID_Produto": "973818",
        "Categoria_Scraping": "frigorificos",
        "Nome": "Creme Vegetal",
        "Marca": "Pingo Doce",
        "Preco": 2.49,
        "Unidade_Info": "1 Kg | 2,49 €/Kg",
        "Categorias_GTM": "As Nossas Marcas, Pingo Doce, Frigorífico, Manteigas e Cremes para Barrar, Categoria Referência SFCC",
        "Data_Coleta": "2025-06-01 01:57:26"
    },
    {
        "ID_Produto": "84120",
        "Categoria_Scraping": "frigorificos",
        "Nome": "Creme Vegetal Culinário",
        "Marca": "Vaqueiro",
        "Preco": 4.99,
        "Unidade_Info": "1 Kg | 4,99 €/Kg",
        "Categorias_GTM": "Categoria Referência SFCC, Frigorífico, Manteigas e Cremes para Barrar",
        "Data_Coleta": "2025-06-01 01:57:26"
    },
    {
        "ID_Produto": "331288",
        "Categoria_Scraping": "frigorificos",
        "Nome": "Creme Vegetal Líquido para Culinária Vaqueiro 500 ml",
        "Marca": "Vaqueiro",
        "Preco": 2.49,
        "Unidade_Info": "0.5 L | 4,98 €/L",
        "Categorias_GTM": "Frigorífico, Manteigas e Cremes para Barrar, Categoria Referência SFCC, Poupe Este Fim De Semana, Poupe Esta Semana",
        "Data_Coleta": "2025-06-01 01:57:26"
    },
    {
        "ID_Produto": "947023",
        "Categoria_Scraping": "frigorificos",
        "Nome": "Creme Vegetal para Barrar sabor a Manteiga",
        "Marca": "Planta",
        "Preco": 2.54,
        "Unidade_Info": "0.4 Kg | 6,35 €/Kg",
        "Categorias_GTM": "Categoria Referência SFCC, Frigorífico, Manteigas e Cremes para Barrar, Poupe Este Fim De Semana, Poupe Esta Semana",
        "Data_Coleta": "2025-06-01 01:57:26"
    },
    {
        "ID_Produto": "823761",
        "Categoria_Scraping": "frigorificos",
        "Nome": "Creme Vegetal para Barrar Sabor a Manteiga",
        "Marca": "Pingo Doce",
        "Preco": 1.35,
        "Unidade_Info": "0.5 Kg | 2,7 €/Kg",
        "Categorias_GTM": "As Nossas Marcas, Pingo Doce, Frigorífico, Manteigas e Cremes para Barrar, Categoria Referência SFCC",
        "Data_Coleta": "2025-06-01 01:57:26"
    },
    {
        "ID_Produto": "712638",
        "Categoria_Scraping": "frigorificos",
        "Nome": "Creme Vegetal para Barrar Sabor a Manteiga",
        "Marca": "Planta",
        "Preco": 4.99,
        "Unidade_Info": "1 Kg | 4,99 €/Kg",
        "Categorias_GTM": "Categoria Referência SFCC, Promoções, Frigorífico, Manteigas e Cremes para Barrar, Poupe Esta Semana",
        "Data_Coleta": "2025-06-01 01:57:26"
    },
    {
        "ID_Produto": "855383",
        "Categoria_Scraping": "frigorificos",
        "Nome": "Creme Vegetal para Barrar Sabor a Manteiga",
        "Marca": "Becel",
        "Preco": 3.56,
        "Unidade_Info": "0.45 Kg | 7,91 €/Kg",
        "Categorias_GTM": "Poupe Esta Semana, Promoções, Frigorífico, Manteigas e Cremes para Barrar, Categoria Referência SFCC",
        "Data_Coleta": "2025-06-01 01:57:26"
    },
    {
        "ID_Produto": "985619",
        "Categoria_Scraping": "frigorificos",
        "Nome": "Dose Fruta Maçã, Banana, Laranja e Ananás Kids +3 Anos",
        "Marca": "Compal",
        "Preco": 0.89,
        "Unidade_Info": "0.11 L | 8,09 €/L",
        "Categorias_GTM": "Frigorífico, Infantis, Iogurtes, Categoria Referência SFCC",
        "Data_Coleta": "2025-06-01 01:57:26"
    },
    {
        "ID_Produto": "766256",
        "Categoria_Scraping": "frigorificos",
        "Nome": "Folha de Massa Fresca para Lasanha",
        "Marca": "Rana",
        "Preco": 1.18,
        "Unidade_Info": "0.25 Kg | 4,72 €/Kg",
        "Categorias_GTM": "Frigorífico, Massas e Outros, Categoria Referência SFCC",
        "Data_Coleta": "2025-06-01 01:57:26"
    },
    {
        "ID_Produto": "819037",
        "Categoria_Scraping": "frigorificos",
        "Nome": "Gelatina 10Kcal Morango",
        "Marca": "Pingo Doce",
        "Preco": 1.09,
        "Unidade_Info": "0.4 Kg | 2,73 €/Kg",
        "Categorias_GTM": "As Nossas Marcas, Pingo Doce, Categoria Referência SFCC, Frigorífico, Gelatina",
        "Data_Coleta": "2025-06-01 01:57:26"
    },
    {
        "ID_Produto": "691349",
        "Categoria_Scraping": "frigorificos",
        "Nome": "Gelatina de Morango",
        "Marca": "Pingo Doce",
        "Preco": 0.99,
        "Unidade_Info": "0.4 Kg | 2,47 €/Kg",
        "Categorias_GTM": "Categoria Referência SFCC, Frigorífico, Gelatina, As Nossas Marcas, Pingo Doce",
        "Data_Coleta": "2025-06-01 01:57:32"
    },
    {
        "ID_Produto": "956798",
        "Categoria_Scraping": "frigorificos",
        "Nome": "Gelatina de Morango",
        "Marca": "Royal",
        "Preco": 2.19,
        "Unidade_Info": "0.36 Kg | 6,08 €/Kg",
        "Categorias_GTM": "Categoria Referência SFCC, Gelatina, Frigorífico",
        "Data_Coleta": "2025-06-01 01:57:32"
    },
    {
        "ID_Produto": "869850",
        "Categoria_Scraping": "frigorificos",
        "Nome": "Iogurte Aroma Morango, Banana e Ananás Pack 8",
        "Marca": "Mimosa",
        "Preco": 1.98,
        "Unidade_Info": "0.96 Kg | 2,06 €/Kg",
        "Categorias_GTM": "Frigorífico, Iogurtes, Aromas e Tradicionais, Categoria Referência SFCC",
        "Data_Coleta": "2025-06-01 01:57:32"
    },
    {
        "ID_Produto": "973795",
        "Categoria_Scraping": "frigorificos",
        "Nome": "Iogurte Aroma Morango, Coco , Banana e Frutos Tropicais Pack 8",
        "Marca": "Pingo Doce",
        "Preco": 1.49,
        "Unidade_Info": "1 Kg | 1,49 €/Kg",
        "Categorias_GTM": "As Nossas Marcas, Pingo Doce, Frigorífico, Iogurtes, Aromas e Tradicionais",
        "Data_Coleta": "2025-06-01 01:57:32"
    },
    {
        "ID_Produto": "869851",
        "Categoria_Scraping": "frigorificos",
        "Nome": "Iogurte Aroma Morango, Coco e Tutti Frutti Pack 8",
        "Marca": "Mimosa",
        "Preco": 1.98,
        "Unidade_Info": "0.96 Kg | 2,06 €/Kg",
        "Categorias_GTM": "Frigorífico, Iogurtes, Aromas e Tradicionais, Categoria Referência SFCC",
        "Data_Coleta": "2025-06-01 01:57:32"
    },
    {
        "ID_Produto": "766044",
        "Categoria_Scraping": "frigorificos",
        "Nome": "Iogurte Grego Morango Pack 4",
        "Marca": "Pingo Doce",
        "Preco": 1.65,
        "Unidade_Info": "0.5 Kg | 3,3 €/Kg",
        "Categorias_GTM": "Frigorífico, Gregos, Iogurtes, As Nossas Marcas, Pingo Doce",
        "Data_Coleta": "2025-06-01 01:57:32"
    },
    {
        "ID_Produto": "950061",
        "Categoria_Scraping": "frigorificos",
        "Nome": "Iogurte Grego Natural",
        "Marca": "Oikos Danone",
        "Preco": 4.19,
        "Unidade_Info": "0.9 Kg | 4,66 €/Kg",
        "Categorias_GTM": "Categoria Referência SFCC, Frigorífico, Gregos, Iogurtes",
        "Data_Coleta": "2025-06-01 01:57:32"
    },
    {
        "ID_Produto": "741389",
        "Categoria_Scraping": "frigorificos",
        "Nome": "Iogurte Grego Natural",
        "Marca": "Pingo Doce",
        "Preco": 1.79,
        "Unidade_Info": "0.5 Kg | 3,58 €/Kg",
        "Categorias_GTM": "As Nossas Marcas, Pingo Doce, Categoria Referência SFCC, Frigorífico, Gregos",
        "Data_Coleta": "2025-06-01 01:57:32"
    },
    {
        "ID_Produto": "753134",
        "Categoria_Scraping": "frigorificos",
        "Nome": "Iogurte Grego Natural Açucarado Pack 4",
        "Marca": "Pingo Doce",
        "Preco": 1.65,
        "Unidade_Info": "0.5 Kg | 3,3 €/Kg",
        "Categorias_GTM": "Categoria Referência SFCC, Frigorífico, Gregos, Iogurtes, As Nossas Marcas",
        "Data_Coleta": "2025-06-01 01:57:32"
    },
    {
        "ID_Produto": "962555",
        "Categoria_Scraping": "frigorificos",
        "Nome": "Iogurte Grego Natural Pack 4",
        "Marca": "Oikos Danone",
        "Preco": 2.49,
        "Unidade_Info": "0.44 Kg | 5,66 €/Kg",
        "Categorias_GTM": "Frigorífico, Gregos, Iogurtes, Categoria Referência SFCC",
        "Data_Coleta": "2025-06-01 01:57:32"
    },
    {
        "ID_Produto": "854871",
        "Categoria_Scraping": "frigorificos",
        "Nome": "Iogurte Grego Stracciatella Pack 4",
        "Marca": "Pingo Doce",
        "Preco": 1.79,
        "Unidade_Info": "0.5 Kg | 3,58 €/Kg",
        "Categorias_GTM": "As Nossas Marcas, Pingo Doce, Frigorífico, Gregos, Iogurtes",
        "Data_Coleta": "2025-06-01 01:57:32"
    },
    {
        "ID_Produto": "923861",
        "Categoria_Scraping": "frigorificos",
        "Nome": "Iogurte Inteiro Natural Pack 2",
        "Marca": "Pingo Doce",
        "Preco": 0.8,
        "Unidade_Info": "0.125 Kg | 6,4 €/Kg",
        "Categorias_GTM": "As Nossas Marcas, Pingo Doce, Categoria Referência SFCC, Frigorífico, Iogurtes",
        "Data_Coleta": "2025-06-01 01:57:32"
    },
    {
        "ID_Produto": "697065",
        "Categoria_Scraping": "frigorificos",
        "Nome": "Iogurte Líquido Bifidus Morango Pack 12",
        "Marca": "Danacol Danone",
        "Preco": 5.79,
        "Unidade_Info": "1.2 Kg | 4,83 €/Kg",
        "Categorias_GTM": "Categoria Referência SFCC, Bífidus e Funcionais, Frigorífico, Iogurtes",
        "Data_Coleta": "2025-06-01 01:57:38"
    },
    {
        "ID_Produto": "953141",
        "Categoria_Scraping": "frigorificos",
        "Nome": "Iogurte Líquido Cremoso Morango e Banana Pack 4",
        "Marca": "Pingo Doce",
        "Preco": 1.43,
        "Unidade_Info": "4 x0.17 Kg | 2,1 €/Kg",
        "Categorias_GTM": "As Nossas Marcas, Pingo Doce, Categoria Referência SFCC, Frigorífico, Iogurtes",
        "Data_Coleta": "2025-06-01 01:57:38"
    },
    {
        "ID_Produto": "935259002",
        "Categoria_Scraping": "frigorificos",
        "Nome": "Iogurte Líquido Cremoso Morango e Banana Pack 8",
        "Marca": "Mimosa",
        "Preco": 2.69,
        "Unidade_Info": "8 x0.151 L | 2,23 €/L",
        "Categorias_GTM": "Frigorífico, Iogurtes, Líquidos, Categoria Referência SFCC, Promoções",
        "Data_Coleta": "2025-06-01 01:57:38"
    },
    {
        "ID_Produto": "953091",
        "Categoria_Scraping": "frigorificos",
        "Nome": "Iogurte Líquido Cremoso Morango Pack 4",
        "Marca": "Pingo Doce",
        "Preco": 1.43,
        "Unidade_Info": "4 x0.17 Kg | 2,1 €/Kg",
        "Categorias_GTM": "As Nossas Marcas, Pingo Doce, Categoria Referência SFCC, Frigorífico, Iogurtes",
        "Data_Coleta": "2025-06-01 01:57:38"
    },
    {
        "ID_Produto": "922439",
        "Categoria_Scraping": "frigorificos",
        "Nome": "Iogurte Líquido Defesas Infantil Morango Pack 12",
        "Marca": "Actimel Danone",
        "Preco": 4.99,
        "Unidade_Info": "1.2 Kg | 4,16 €/Kg",
        "Categorias_GTM": "Frigorífico, Infantis, Iogurtes, Categoria Referência SFCC",
        "Data_Coleta": "2025-06-01 01:57:38"
    },
    {
        "ID_Produto": "755701",
        "Categoria_Scraping": "frigorificos",
        "Nome": "Iogurte Líquido Defesas Morango Pack 12",
        "Marca": "Actimel Danone",
        "Preco": 4.99,
        "Unidade_Info": "1.2 Kg | 4,16 €/Kg",
        "Categorias_GTM": "Categoria Referência SFCC, Bífidus e Funcionais, Frigorífico, Iogurtes",
        "Data_Coleta": "2025-06-01 01:57:38"
    },
    {
        "ID_Produto": "938579",
        "Categoria_Scraping": "frigorificos",
        "Nome": "Iogurte Líquido Magro Defesas Natural Pack 12",
        "Marca": "Actimel Danone",
        "Preco": 4.99,
        "Unidade_Info": "1.2 Kg | 4,16 €/Kg",
        "Categorias_GTM": "Categoria Referência SFCC, Bífidus e Funcionais, Frigorífico, Iogurtes",
        "Data_Coleta": "2025-06-01 01:57:38"
    },
    {
        "ID_Produto": "968248",
        "Categoria_Scraping": "frigorificos",
        "Nome": "Iogurte Líquido Magro Frutos Vermelhos Pack 4",
        "Marca": "Pingo Doce",
        "Preco": 1.43,
        "Unidade_Info": "4 x0.17 Kg | 2,1 €/Kg",
        "Categorias_GTM": "Frigorífico, Iogurtes, Líquidos, As Nossas Marcas, Pingo Doce",
        "Data_Coleta": "2025-06-01 01:57:38"
    },
    {
        "ID_Produto": "968254",
        "Categoria_Scraping": "frigorificos",
        "Nome": "Iogurte Líquido Magro Morango e Banana Pack 4",
        "Marca": "Pingo Doce",
        "Preco": 1.43,
        "Unidade_Info": "4 x0.17 Kg | 2,1 €/Kg",
        "Categorias_GTM": "Frigorífico, Iogurtes, Líquidos, As Nossas Marcas, Pingo Doce",
        "Data_Coleta": "2025-06-01 01:57:38"
    },
    {
        "ID_Produto": "752920",
        "Categoria_Scraping": "frigorificos",
        "Nome": "Iogurte Líquido Morango",
        "Marca": "Pingo Doce",
        "Preco": 1.39,
        "Unidade_Info": "0.75 Kg | 1,85 €/Kg",
        "Categorias_GTM": "As Nossas Marcas, Pingo Doce, Categoria Referência SFCC, Frigorífico, Iogurtes",
        "Data_Coleta": "2025-06-01 01:57:38"
    },
    {
        "ID_Produto": "821278004",
        "Categoria_Scraping": "frigorificos",
        "Nome": "Iogurte Líquido Morango Pack 8",
        "Marca": "Mimosa",
        "Preco": 2.69,
        "Unidade_Info": "8 x0.151 L | 2,23 €/L",
        "Categorias_GTM": "Frigorífico, Iogurtes, Líquidos, Promoções, Categoria Referência SFCC",
        "Data_Coleta": "2025-06-01 01:57:38"
    },
    {
        "ID_Produto": "985000",
        "Categoria_Scraping": "frigorificos",
        "Nome": "Iogurte Líquido Morango Pack 8",
        "Marca": "Pingo Doce",
        "Preco": 2.65,
        "Unidade_Info": "8 x0.17 Kg | 1,95 €/Kg",
        "Categorias_GTM": "Frigorífico, Iogurtes, As Nossas Marcas, Pingo Doce, Líquidos",
        "Data_Coleta": "2025-06-01 01:57:38"
    },
    {
        "ID_Produto": "923858",
        "Categoria_Scraping": "frigorificos",
        "Nome": "Iogurte Líquido Natural Inteiro Pack 4",
        "Marca": "Pingo Doce",
        "Preco": 1.87,
        "Unidade_Info": "4 x0.17 Kg | 2,75 €/Kg",
        "Categorias_GTM": "As Nossas Marcas, Pingo Doce, Líquidos, Categoria Referência SFCC, Frigorífico",
        "Data_Coleta": "2025-06-01 01:57:43"
    },
    {
        "ID_Produto": "915697",
        "Categoria_Scraping": "frigorificos",
        "Nome": "Iogurte Líquido Proteína Manga",
        "Marca": "Go Active",
        "Preco": 0.99,
        "Unidade_Info": "0.23 Kg | 4,3 €/Kg",
        "Categorias_GTM": "As Nossas Marcas, Go Active, Frigorífico, Iogurtes, Proteicos",
        "Data_Coleta": "2025-06-01 01:57:43"
    },
    {
        "ID_Produto": "915696",
        "Categoria_Scraping": "frigorificos",
        "Nome": "Iogurte Líquido Proteína Morango",
        "Marca": "Go Active",
        "Preco": 0.99,
        "Unidade_Info": "0.23 Kg | 4,3 €/Kg",
        "Categorias_GTM": "Frigorífico, Iogurtes, Proteicos, As Nossas Marcas, Go Active",
        "Data_Coleta": "2025-06-01 01:57:43"
    },
    {
        "ID_Produto": "884782",
        "Categoria_Scraping": "frigorificos",
        "Nome": "Iogurte Líquido Proteína Morango e Framboesa",
        "Marca": "Yopro Danone",
        "Preco": 1.99,
        "Unidade_Info": "0.3 Kg | 6,63 €/Kg",
        "Categorias_GTM": "Frigorífico, Iogurtes, Proteicos, Categoria Referência SFCC",
        "Data_Coleta": "2025-06-01 01:57:43"
    },
    {
        "ID_Produto": "860067",
        "Categoria_Scraping": "frigorificos",
        "Nome": "Iogurte Líquido Tutti Frutti Pack 8",
        "Marca": "Yoggi",
        "Preco": 3.89,
        "Unidade_Info": "1.28 Kg | 3,04 €/Kg",
        "Categorias_GTM": "Frigorífico, Iogurtes, Líquidos, Categoria Referência SFCC",
        "Data_Coleta": "2025-06-01 01:57:43"
    },
    {
        "ID_Produto": "671611",
        "Categoria_Scraping": "frigorificos",
        "Nome": "Iogurte Mix-In Smarties Nestlé Pack 2",
        "Marca": "Nestlé",
        "Preco": 2.19,
        "Unidade_Info": "0.256 Kg | 8,55 €/Kg",
        "Categorias_GTM": "Categoria Referência SFCC, Frigorífico, Infantis, Iogurtes",
        "Data_Coleta": "2025-06-01 01:57:43"
    },
    {
        "ID_Produto": "917194",
        "Categoria_Scraping": "frigorificos",
        "Nome": "Iogurte Natural Pack 8",
        "Marca": "Danone",
        "Preco": 1.99,
        "Unidade_Info": "0.96 Kg | 2,07 €/Kg",
        "Categorias_GTM": "Categoria Referência SFCC, Frigorífico, Iogurtes, Naturais",
        "Data_Coleta": "2025-06-01 01:57:43"
    },
    {
        "ID_Produto": "873214",
        "Categoria_Scraping": "frigorificos",
        "Nome": "Iogurte Skyr Morango e Framboesa",
        "Marca": "Go Active",
        "Preco": 0.69,
        "Unidade_Info": "0.15 Kg | 4,6 €/Kg",
        "Categorias_GTM": "Frigorífico, Iogurtes, Proteicos, As Nossas Marcas, Go Active",
        "Data_Coleta": "2025-06-01 01:57:43"
    },
    {
        "ID_Produto": "846908",
        "Categoria_Scraping": "frigorificos",
        "Nome": "Iogurte Skyr Natural",
        "Marca": "Go Active",
        "Preco": 0.65,
        "Unidade_Info": "0.15 Kg | 4,33 €/Kg",
        "Categorias_GTM": "Categoria Referência SFCC, As Nossas Marcas, Go Active, Frigorífico, Iogurtes",
        "Data_Coleta": "2025-06-01 01:57:43"
    },
    {
        "ID_Produto": "647928",
        "Categoria_Scraping": "frigorificos",
        "Nome": "Lasanha Bolonhesa Refrigerada",
        "Marca": "Pingo Doce",
        "Preco": 2.49,
        "Unidade_Info": "0.4 Kg | 6,23 €/Kg",
        "Categorias_GTM": "Categoria Referência SFCC, Frigorífico, Refeições, As Nossas Marcas, Pingo Doce",
        "Data_Coleta": "2025-06-01 01:57:43"
    },
    {
        "ID_Produto": "697102",
        "Categoria_Scraping": "frigorificos",
        "Nome": "Manteiga com Sal",
        "Marca": "Nova Açores",
        "Preco": 2.45,
        "Unidade_Info": "0.25 Kg | 9,8 €/Kg",
        "Categorias_GTM": "Categoria Referência SFCC, Frigorífico, Manteigas e Cremes para Barrar",
        "Data_Coleta": "2025-06-01 01:57:43"
    },
    {
        "ID_Produto": "762126",
        "Categoria_Scraping": "frigorificos",
        "Nome": "Manteiga com Sal",
        "Marca": "Terra Nostra",
        "Preco": 2.45,
        "Unidade_Info": "0.25 Un | 9,8 €/Un",
        "Categorias_GTM": "Categoria Referência SFCC, Frigorífico, Manteigas e Cremes para Barrar",
        "Data_Coleta": "2025-06-01 01:57:43"
    },
    {
        "ID_Produto": "842905",
        "Categoria_Scraping": "frigorificos",
        "Nome": "Manteiga com Sal",
        "Marca": "Primor",
        "Preco": 2.39,
        "Unidade_Info": "0.25 Kg | 9,56 €/Kg",
        "Categorias_GTM": "Categoria Referência SFCC, Frigorífico, Manteigas e Cremes para Barrar",
        "Data_Coleta": "2025-06-01 01:57:49"
    },
    {
        "ID_Produto": "833012",
        "Categoria_Scraping": "frigorificos",
        "Nome": "Manteiga com Sal Açores",
        "Marca": "Pingo Doce",
        "Preco": 2.09,
        "Unidade_Info": "0.25 Kg | 8,36 €/Kg",
        "Categorias_GTM": "Frigorífico, Manteigas e Cremes para Barrar, As Nossas Marcas, Pingo Doce, Categoria Referência SFCC",
        "Data_Coleta": "2025-06-01 01:57:49"
    },
    {
        "ID_Produto": "310330",
        "Categoria_Scraping": "frigorificos",
        "Nome": "Manteiga Magra",
        "Marca": "Président",
        "Preco": 2.89,
        "Unidade_Info": "0.25 Kg | 11,56 €/Kg",
        "Categorias_GTM": "Frigorífico, Manteigas e Cremes para Barrar, Categoria Referência SFCC",
        "Data_Coleta": "2025-06-01 01:57:49"
    },
    {
        "ID_Produto": "480252",
        "Categoria_Scraping": "frigorificos",
        "Nome": "Manteiga Magra",
        "Marca": "Matinal",
        "Preco": 2.49,
        "Unidade_Info": "0.25 Kg | 9,96 €/Kg",
        "Categorias_GTM": "Categoria Referência SFCC, Frigorífico, Manteigas e Cremes para Barrar, Poupe Este Fim De Semana, Poupe Esta Semana",
        "Data_Coleta": "2025-06-01 01:57:49"
    },
    {
        "ID_Produto": "909338",
        "Categoria_Scraping": "frigorificos",
        "Nome": "Manteiga Sem Lactose",
        "Marca": "Pingo Doce",
        "Preco": 2.14,
        "Unidade_Info": "0.25 Kg | 8,56 €/Kg",
        "Categorias_GTM": "As Nossas Marcas, Pingo Doce, Frigorífico, Manteigas e Cremes para Barrar, Categoria Referência SFCC",
        "Data_Coleta": "2025-06-01 01:57:49"
    },
    {
        "ID_Produto": "408189",
        "Categoria_Scraping": "frigorificos",
        "Nome": "Massa Folhada Refrigerada",
        "Marca": "Pingo Doce",
        "Preco": 0.99,
        "Unidade_Info": "0.23 Kg | 4,3 €/Kg",
        "Categorias_GTM": "Frigorífico, Massas e Outros, As Nossas Marcas, Pingo Doce, Categoria Referência SFCC",
        "Data_Coleta": "2025-06-01 01:57:49"
    },
    {
        "ID_Produto": "408190",
        "Categoria_Scraping": "frigorificos",
        "Nome": "Massa Quebrada Refrigerada",
        "Marca": "Pingo Doce",
        "Preco": 0.99,
        "Unidade_Info": "0.23 Kg | 4,3 €/Kg",
        "Categorias_GTM": "As Nossas Marcas, Pingo Doce, Frigorífico, Massas e Outros, Categoria Referência SFCC",
        "Data_Coleta": "2025-06-01 01:57:49"
    },
    {
        "ID_Produto": "732518",
        "Categoria_Scraping": "frigorificos",
        "Nome": "Pizza Fresca 4 Queijos",
        "Marca": "Pingo Doce",
        "Preco": 2.79,
        "Unidade_Info": "0.39 Kg | 7,15 €/Kg",
        "Categorias_GTM": "As Nossas Marcas, Pingo Doce, Categoria Referência SFCC, Frigorífico, Pizzas",
        "Data_Coleta": "2025-06-01 01:57:49"
    },
    {
        "ID_Produto": "732516",
        "Categoria_Scraping": "frigorificos",
        "Nome": "Pizza Fresca Carbonara",
        "Marca": "Pingo Doce",
        "Preco": 2.79,
        "Unidade_Info": "0.415 Kg | 6,72 €/Kg",
        "Categorias_GTM": "As Nossas Marcas, Pingo Doce, Categoria Referência SFCC, Frigorífico, Pizzas",
        "Data_Coleta": "2025-06-01 01:57:49"
    },
    {
        "ID_Produto": "733085",
        "Categoria_Scraping": "frigorificos",
        "Nome": "Pizza Fresca de Frango",
        "Marca": "Pingo Doce",
        "Preco": 2.79,
        "Unidade_Info": "0.4 Kg | 6,98 €/Kg",
        "Categorias_GTM": "As Nossas Marcas, Pingo Doce, Categoria Referência SFCC, Frigorífico, Pizzas",
        "Data_Coleta": "2025-06-01 01:57:49"
    },
    {
        "ID_Produto": "935188",
        "Categoria_Scraping": "frigorificos",
        "Nome": "Pizza Fresca de Pepperoni",
        "Marca": "Pingo Doce",
        "Preco": 2.79,
        "Unidade_Info": "0.41 Kg | 6,8 €/Kg",
        "Categorias_GTM": "Frigorífico, Pizzas, As Nossas Marcas, Pingo Doce, Categoria Referência SFCC",
        "Data_Coleta": "2025-06-01 01:57:49"
    },
    {
        "ID_Produto": "732517",
        "Categoria_Scraping": "frigorificos",
        "Nome": "Pizza Fresca de Queijo, Fiambre, Cogumelos e Azeitonas",
        "Marca": "Pingo Doce",
        "Preco": 2.49,
        "Unidade_Info": "0.415 Kg | 6 €/Kg",
        "Categorias_GTM": "Categoria Referência SFCC, Frigorífico, Pizzas, As Nossas Marcas, Pingo Doce",
        "Data_Coleta": "2025-06-01 01:57:49"
    },
    {
        "ID_Produto": "721743",
        "Categoria_Scraping": "frigorificos",
        "Nome": "Pudim Flan de Baunilha com Molho de Caramelo",
        "Marca": "Pingo Doce",
        "Preco": 1.25,
        "Unidade_Info": "0.6 Kg | 2,08 €/Kg",
        "Categorias_GTM": "As Nossas Marcas, Pingo Doce, Categoria Referência SFCC, Frigorífico, Sobremesas",
        "Data_Coleta": "2025-06-01 01:57:55"
    },
    {
        "ID_Produto": "974121",
        "Categoria_Scraping": "frigorificos",
        "Nome": "Pudim Proteico Baunilha",
        "Marca": "Go Active",
        "Preco": 0.89,
        "Unidade_Info": "0.2 Kg | 4,45 €/Kg",
        "Categorias_GTM": "Frigorífico, Sobremesas, As Nossas Marcas, Go Active, Categoria Referência SFCC",
        "Data_Coleta": "2025-06-01 01:57:55"
    },
    {
        "ID_Produto": "945749",
        "Categoria_Scraping": "frigorificos",
        "Nome": "Pudim Proteico Caramelo",
        "Marca": "Go Active",
        "Preco": 0.89,
        "Unidade_Info": "0.2 Kg | 4,45 €/Kg",
        "Categorias_GTM": "As Nossas Marcas, Go Active, Categoria Referência SFCC, Frigorífico, Sobremesas",
        "Data_Coleta": "2025-06-01 01:57:55"
    },
    {
        "ID_Produto": "945750",
        "Categoria_Scraping": "frigorificos",
        "Nome": "Pudim Proteico Chocolate",
        "Marca": "Go Active",
        "Preco": 0.89,
        "Unidade_Info": "0.2 Kg | 4,45 €/Kg",
        "Categorias_GTM": "Categoria Referência SFCC, Frigorífico, Sobremesas, As Nossas Marcas, Go Active",
        "Data_Coleta": "2025-06-01 01:57:55"
    },
    {
        "ID_Produto": "768261",
        "Categoria_Scraping": "frigorificos",
        "Nome": "Queijo Brie",
        "Marca": "Pingo Doce",
        "Preco": 1.89,
        "Unidade_Info": "0.2 Kg | 9,45 €/Kg",
        "Categorias_GTM": "Estrangeiro, Frigorífico, Queijo, As Nossas Marcas, Pingo Doce",
        "Data_Coleta": "2025-06-01 01:57:55"
    },
    {
        "ID_Produto": "882552",
        "Categoria_Scraping": "frigorificos",
        "Nome": "Queijo Cheddar Fatiado",
        "Marca": "Pingo Doce",
        "Preco": 1.57,
        "Unidade_Info": "0.15 Un | 10,47 €/Un",
        "Categorias_GTM": "Fatiado e Bola, Frigorífico, Queijo, As Nossas Marcas, Pingo Doce",
        "Data_Coleta": "2025-06-01 01:57:55"
    },
    {
        "ID_Produto": "771992",
        "Categoria_Scraping": "frigorificos",
        "Nome": "Queijo Curado em Cesto",
        "Marca": "Montiqueijo",
        "Preco": 3.49,
        "Unidade_Info": "0.27 Kg | 12,93 €/Kg",
        "Categorias_GTM": "Fatiado e Bola, Frigorífico, Queijo, Categoria Referência SFCC",
        "Data_Coleta": "2025-06-01 01:57:55"
    },
    {
        "ID_Produto": "942055",
        "Categoria_Scraping": "frigorificos",
        "Nome": "Queijo Curado Fatiado",
        "Marca": "Milhafre",
        "Preco": 2.19,
        "Unidade_Info": "0.2 Kg | 10,95 €/Kg",
        "Categorias_GTM": "Categoria Referência SFCC, Fatiado e Bola, Frigorífico, Queijo, Poupe Este Fim De Semana",
        "Data_Coleta": "2025-06-01 01:57:55"
    },
    {
        "ID_Produto": "833031",
        "Categoria_Scraping": "frigorificos",
        "Nome": "Queijo de Cabra Fatiado",
        "Marca": "Pingo Doce",
        "Preco": 2.19,
        "Unidade_Info": "0.15 Kg | 14,6 €/Kg",
        "Categorias_GTM": "As Nossas Marcas, Pingo Doce, Fatiado e Bola, Frigorífico, Queijo",
        "Data_Coleta": "2025-06-01 01:57:55"
    },
    {
        "ID_Produto": "926652",
        "Categoria_Scraping": "frigorificos",
        "Nome": "Queijo Edam Fatiado",
        "Marca": "Pingo Doce",
        "Preco": 1.68,
        "Unidade_Info": "0.2 Kg | 8,4 €/Kg",
        "Categorias_GTM": "As Nossas Marcas, Pingo Doce, Fatiado e Bola, Frigorífico, Categoria Referência SFCC",
        "Data_Coleta": "2025-06-01 01:57:55"
    },
    {
        "ID_Produto": "665293",
        "Categoria_Scraping": "frigorificos",
        "Nome": "Queijo Fatiado",
        "Marca": "Castelões",
        "Preco": 2.69,
        "Unidade_Info": "0.2 Kg | 13,45 €/Kg",
        "Categorias_GTM": "Categoria Referência SFCC, Fatiado e Bola, Frigorífico, Queijo",
        "Data_Coleta": "2025-06-01 01:57:55"
    },
    {
        "ID_Produto": "953136",
        "Categoria_Scraping": "frigorificos",
        "Nome": "Queijo Flamengo Fatiado",
        "Marca": "Campainha",
        "Preco": 7.49,
        "Unidade_Info": "0.8 Kg | 9,36 €/Kg",
        "Categorias_GTM": "Categoria Referência SFCC, Frigorífico, Nacional, Queijo, Poupe Este Fim De Semana",
        "Data_Coleta": "2025-06-01 01:57:55"
    },
    {
        "ID_Produto": "977364",
        "Categoria_Scraping": "frigorificos",
        "Nome": "Queijo Flamengo Fatiado Light 30%",
        "Marca": "Pingo Doce",
        "Preco": 1.96,
        "Unidade_Info": "0.2 Kg | 9,8 €/Kg",
        "Categorias_GTM": "As Nossas Marcas, Pingo Doce, Fatiado e Bola, Frigorífico, Queijo",
        "Data_Coleta": "2025-06-01 01:58:01"
    },
    {
        "ID_Produto": "879923",
        "Categoria_Scraping": "frigorificos",
        "Nome": "Queijo Flamengo Light Fatiado",
        "Marca": "Terra Nostra",
        "Preco": 2.89,
        "Unidade_Info": "0.2 Kg | 14,45 €/Kg",
        "Categorias_GTM": "Fatiado e Bola, Frigorífico, Queijo, Categoria Referência SFCC",
        "Data_Coleta": "2025-06-01 01:58:01"
    },
    {
        "ID_Produto": "879286",
        "Categoria_Scraping": "frigorificos",
        "Nome": "Queijo Flamengo Light Fatiado",
        "Marca": "Terra Nostra",
        "Preco": 4.29,
        "Unidade_Info": "0.4 Kg | 10,73 €/Kg",
        "Categorias_GTM": "Fatiado e Bola, Frigorífico, Queijo, Categoria Referência SFCC, Poupe Esta Semana",
        "Data_Coleta": "2025-06-01 01:58:01"
    },
    {
        "ID_Produto": "773026",
        "Categoria_Scraping": "frigorificos",
        "Nome": "Queijo Flamengo Ralado",
        "Marca": "Pingo Doce",
        "Preco": 1.49,
        "Unidade_Info": "0.2 Kg | 7,45 €/Kg",
        "Categorias_GTM": "As Nossas Marcas, Pingo Doce, Ralado, Queijo, Frigorífico",
        "Data_Coleta": "2025-06-01 01:58:01"
    },
    {
        "ID_Produto": "943518",
        "Categoria_Scraping": "frigorificos",
        "Nome": "Queijo Fresco Cottage",
        "Marca": "Pingo Doce",
        "Preco": 0.99,
        "Unidade_Info": "0.2 Kg | 4,95 €/Kg",
        "Categorias_GTM": "Para Barrar, Frigorífico, Queijo, Categoria Referência SFCC, As Nossas Marcas",
        "Data_Coleta": "2025-06-01 01:58:01"
    },
    {
        "ID_Produto": "852626",
        "Categoria_Scraping": "frigorificos",
        "Nome": "Queijo Fresco de Vaca Light",
        "Marca": "Pingo Doce",
        "Preco": 2.74,
        "Unidade_Info": "0.25 Kg | 10,96 €/Kg",
        "Categorias_GTM": "Fresco e Requeijão, Frigorífico, Queijo, As Nossas Marcas, Pingo Doce",
        "Data_Coleta": "2025-06-01 01:58:01"
    },
    {
        "ID_Produto": "852627",
        "Categoria_Scraping": "frigorificos",
        "Nome": "Queijo Fresco de Vaca Meio Gordo",
        "Marca": "Pingo Doce",
        "Preco": 2.74,
        "Unidade_Info": "0.25 Kg | 10,96 €/Kg",
        "Categorias_GTM": "Categoria Referência SFCC, Fresco e Requeijão, Frigorífico, Queijo, As Nossas Marcas",
        "Data_Coleta": "2025-06-01 01:58:01"
    },
    {
        "ID_Produto": "878886",
        "Categoria_Scraping": "frigorificos",
        "Nome": "Queijo Fresco de Vaca sem Lactose",
        "Marca": "Pingo Doce",
        "Preco": 1.49,
        "Unidade_Info": "0.125 Kg | 11,92 €/Kg",
        "Categorias_GTM": "Fresco e Requeijão, Frigorífico, As Nossas Marcas, Pingo Doce, Categoria Referência SFCC",
        "Data_Coleta": "2025-06-01 01:58:01"
    },
    {
        "ID_Produto": "821154",
        "Categoria_Scraping": "frigorificos",
        "Nome": "Queijo Fresco Light",
        "Marca": "Matinal",
        "Preco": 2.59,
        "Unidade_Info": "0.216 Kg | 11,99 €/Kg",
        "Categorias_GTM": "Categoria Referência SFCC, Fresco e Requeijão, Frigorífico, Queijo",
        "Data_Coleta": "2025-06-01 01:58:01"
    },
    {
        "ID_Produto": "821153",
        "Categoria_Scraping": "frigorificos",
        "Nome": "Queijo Fresco Longa Duração",
        "Marca": "Matinal",
        "Preco": 2.59,
        "Unidade_Info": "0.216 Kg | 11,99 €/Kg",
        "Categorias_GTM": "Fresco e Requeijão, Frigorífico, Queijo, Categoria Referência SFCC",
        "Data_Coleta": "2025-06-01 01:58:01"
    },
    {
        "ID_Produto": "854870",
        "Categoria_Scraping": "frigorificos",
        "Nome": "Queijo Fresco Mozzarela Mini",
        "Marca": "Pingo Doce",
        "Preco": 1.79,
        "Unidade_Info": "0.125 Kg | 14,32 €/Kg",
        "Categorias_GTM": "Categoria Referência SFCC, Estrangeiro, Frigorífico, Queijo, As Nossas Marcas",
        "Data_Coleta": "2025-06-01 01:58:01"
    },
    {
        "ID_Produto": "849748",
        "Categoria_Scraping": "frigorificos",
        "Nome": "Queijo Fresco Mozzarella",
        "Marca": "Valgrande",
        "Preco": 0.99,
        "Unidade_Info": "0.125 Kg | 7,92 €/Kg",
        "Categorias_GTM": "Categoria Referência SFCC, Estrangeiro, Frigorífico, Queijo",
        "Data_Coleta": "2025-06-01 01:58:01"
    },
    {
        "ID_Produto": "763525",
        "Categoria_Scraping": "frigorificos",
        "Nome": "Queijo Fresco Mozzarella de Búfala",
        "Marca": "Pingo Doce",
        "Preco": 1.79,
        "Unidade_Info": "0.125 Kg | 14,32 €/Kg",
        "Categorias_GTM": "Estrangeiro, Frigorífico, Queijo, Categoria Referência SFCC, As Nossas Marcas",
        "Data_Coleta": "2025-06-01 01:58:08"
    },
    {
        "ID_Produto": "885644",
        "Categoria_Scraping": "frigorificos",
        "Nome": "Queijo Fresco Mozzarella Light",
        "Marca": "Valgrande",
        "Preco": 1.05,
        "Unidade_Info": "0.125 Kg | 8,4 €/Kg",
        "Categorias_GTM": "Estrangeiro, Queijo, Frigorífico, Categoria Referência SFCC",
        "Data_Coleta": "2025-06-01 01:58:08"
    },
    {
        "ID_Produto": "858367",
        "Categoria_Scraping": "frigorificos",
        "Nome": "Queijo Fundido Light Palitos",
        "Marca": "A Vaca que ri",
        "Preco": 1.99,
        "Unidade_Info": "0.14 Kg | 14,21 €/Kg",
        "Categorias_GTM": "Frigorífico, Queijo, Snacks de Queijo, Promoções, Categoria Referência SFCC",
        "Data_Coleta": "2025-06-01 01:58:08"
    },
    {
        "ID_Produto": "955140",
        "Categoria_Scraping": "frigorificos",
        "Nome": "Queijo Fundido Light Porções",
        "Marca": "A Vaca que ri",
        "Preco": 2.95,
        "Unidade_Info": "0.25 Kg | 11,8 €/Kg",
        "Categorias_GTM": "Categoria Referência SFCC, Frigorífico, Queijo, Snacks de Queijo, Poupe Esta Semana",
        "Data_Coleta": "2025-06-01 01:58:08"
    },
    {
        "ID_Produto": "748681",
        "Categoria_Scraping": "frigorificos",
        "Nome": "Queijo Fundido Palitos",
        "Marca": "A Vaca que ri",
        "Preco": 1.99,
        "Unidade_Info": "0.14 Kg | 14,21 €/Kg",
        "Categorias_GTM": "Categoria Referência SFCC, Poupe Esta Semana, Frigorífico, Queijo, Snacks de Queijo",
        "Data_Coleta": "2025-06-01 01:58:08"
    },
    {
        "ID_Produto": "926653",
        "Categoria_Scraping": "frigorificos",
        "Nome": "Queijo Gouda Fatiado",
        "Marca": "Pingo Doce",
        "Preco": 1.69,
        "Unidade_Info": "0.2 Kg | 8,45 €/Kg",
        "Categorias_GTM": "Fatiado e Bola, Frigorífico, As Nossas Marcas, Pingo Doce, Categoria Referência SFCC",
        "Data_Coleta": "2025-06-01 01:58:08"
    },
    {
        "ID_Produto": "836955",
        "Categoria_Scraping": "frigorificos",
        "Nome": "Queijo Grana Padano DOP 16 Meses",
        "Marca": "Pingo Doce Iguarias",
        "Preco": 3.19,
        "Unidade_Info": "0.18 Kg | 17,72 €/Kg",
        "Categorias_GTM": "As Nossas Iguarias, As Nossas Marcas, Estrangeiro, Frigorífico, Queijo",
        "Data_Coleta": "2025-06-01 01:58:08"
    },
    {
        "ID_Produto": "404670",
        "Categoria_Scraping": "frigorificos",
        "Nome": "Queijo Mini",
        "Marca": "Babybel",
        "Preco": 2.49,
        "Unidade_Info": "0.12 Kg | 20,75 €/Kg",
        "Categorias_GTM": "Frigorífico, Queijo, Snacks de Queijo, Categoria Referência SFCC",
        "Data_Coleta": "2025-06-01 01:58:08"
    },
    {
        "ID_Produto": "850348",
        "Categoria_Scraping": "frigorificos",
        "Nome": "Queijo Mini Light",
        "Marca": "Babybel",
        "Preco": 4.69,
        "Unidade_Info": "0.24 Kg | 19,54 €/Kg",
        "Categorias_GTM": "Frigorífico, Queijo, Snacks de Queijo, Categoria Referência SFCC",
        "Data_Coleta": "2025-06-01 01:58:08"
    },
    {
        "ID_Produto": "705592",
        "Categoria_Scraping": "frigorificos",
        "Nome": "Queijo Mozzarella Fatiado",
        "Marca": "Pingo Doce",
        "Preco": 1.89,
        "Unidade_Info": "0.2 Kg | 9,45 €/Kg",
        "Categorias_GTM": "Categoria Referência SFCC, Fatiado e Bola, Frigorífico, Queijo, As Nossas Marcas",
        "Data_Coleta": "2025-06-01 01:58:08"
    },
    {
        "ID_Produto": "955256",
        "Categoria_Scraping": "frigorificos",
        "Nome": "Queijo Mozzarella Ralado",
        "Marca": "Campainha",
        "Preco": 1.59,
        "Unidade_Info": "0.15 Kg | 10,6 €/Kg",
        "Categorias_GTM": "Poupe Esta Semana, Promoções, Categoria Referência SFCC, Frigorífico, Queijo",
        "Data_Coleta": "2025-06-01 01:58:08"
    },
    {
        "ID_Produto": "856642",
        "Categoria_Scraping": "frigorificos",
        "Nome": "Queijo para Barrar Light",
        "Marca": "Philadelphia",
        "Preco": 3.39,
        "Unidade_Info": "0.27 Kg | 12,56 €/Kg",
        "Categorias_GTM": "Para Barrar, Frigorífico, Queijo, Categoria Referência SFCC",
        "Data_Coleta": "2025-06-01 01:58:08"
    },
    {
        "ID_Produto": "925077",
        "Categoria_Scraping": "frigorificos",
        "Nome": "Queijo para Barrar Natural",
        "Marca": "Pingo Doce",
        "Preco": 1.19,
        "Unidade_Info": "0.2 Kg | 5,95 €/Kg",
        "Categorias_GTM": "As Nossas Marcas, Pingo Doce, Categoria Referência SFCC, Para Barrar, Frigorífico",
        "Data_Coleta": "2025-06-01 01:58:14"
    },
    {
        "ID_Produto": "856641",
        "Categoria_Scraping": "frigorificos",
        "Nome": "Queijo para Barrar Original",
        "Marca": "Philadelphia",
        "Preco": 3.39,
        "Unidade_Info": "0.27 Kg | 12,56 €/Kg",
        "Categorias_GTM": "Para Barrar, Frigorífico, Queijo, Categoria Referência SFCC",
        "Data_Coleta": "2025-06-01 01:58:14"
    },
    {
        "ID_Produto": "876869",
        "Categoria_Scraping": "frigorificos",
        "Nome": "Queijo Parmesão Parmigiano Reggiano DOP Iguarias",
        "Marca": "Pingo Doce Iguarias",
        "Preco": 4.29,
        "Unidade_Info": "0.15 Kg | 28,6 €/Kg",
        "Categorias_GTM": "Estrangeiro, Frigorífico, Queijo, As Nossas Iguarias, As Nossas Marcas",
        "Data_Coleta": "2025-06-01 01:58:14"
    },
    {
        "ID_Produto": "941490",
        "Categoria_Scraping": "frigorificos",
        "Nome": "Queijo Parmesão Ralado Parmigiano Reggiano DOP Iguarias",
        "Marca": "Pingo Doce Iguarias",
        "Preco": 1.69,
        "Unidade_Info": "0.06 Kg | 28,17 €/Kg",
        "Categorias_GTM": "As Nossas Iguarias, As Nossas Marcas, Categoria Referência SFCC, Estrangeiro, Frigorífico",
        "Data_Coleta": "2025-06-01 01:58:14"
    },
    {
        "ID_Produto": "930120",
        "Categoria_Scraping": "frigorificos",
        "Nome": "Queijo Ralado 4 Queijos",
        "Marca": "Pingo Doce",
        "Preco": 1.79,
        "Unidade_Info": "0.2 Kg | 8,95 €/Kg",
        "Categorias_GTM": "Frigorífico, As Nossas Marcas, Pingo Doce, Categoria Referência SFCC",
        "Data_Coleta": "2025-06-01 01:58:14"
    },
    {
        "ID_Produto": "765775",
        "Categoria_Scraping": "frigorificos",
        "Nome": "Tortellini de Ricota com Espinafres",
        "Marca": "Rana",
        "Preco": 3.79,
        "Unidade_Info": "0.25 Kg | 15,16 €/Kg",
        "Categorias_GTM": "Frigorífico, Massas e Outros, Categoria Referência SFCC",
        "Data_Coleta": "2025-06-01 01:58:14"
    },
    {
        "ID_Produto": "708772",
        "Categoria_Scraping": "frigorificos",
        "Nome": "Yofu Soja Mix Polpa Pack 4",
        "Marca": "Alpro",
        "Preco": 2.54,
        "Unidade_Info": "0.5 Kg | 5,08 €/Kg",
        "Categorias_GTM": "Categoria Referência SFCC, Promoções, Alternativas Vegetais, Frigorífico, Iogurtes",
        "Data_Coleta": "2025-06-01 01:58:14"
    },
    {
        "ID_Produto": "473047003",
        "Categoria_Scraping": "frigorificos",
        "Nome": "Yofu Soja Natural Pack 4",
        "Marca": "Alpro",
        "Preco": 2.54,
        "Unidade_Info": "0.5 Kg | 5,08 €/Kg",
        "Categorias_GTM": "Promoções, Categoria Referência SFCC, Alternativas Vegetais, Frigorífico, Iogurtes",
        "Data_Coleta": "2025-06-01 01:58:14"
    },
    {
        "ID_Produto": "647281",
        "Categoria_Scraping": "frigorificos",
        "Nome": "Canelloni de Espinafres com Ricotta",
        "Marca": "Pingo Doce",
        "Preco": 5.69,
        "Unidade_Info": "1 Kg | 5,69 €/Kg",
        "Categorias_GTM": "Categoria Referência SFCC, Frigorífico, Refeições, As Nossas Marcas, Pingo Doce",
        "Data_Coleta": "2025-06-01 01:58:14"
    },
    {
        "ID_Produto": "647280",
        "Categoria_Scraping": "frigorificos",
        "Nome": "Cannelloni Bolonhesa Refrigerada",
        "Marca": "Pingo Doce",
        "Preco": 5.59,
        "Unidade_Info": "1 Kg | 5,59 €/Kg",
        "Categorias_GTM": "As Nossas Marcas, Pingo Doce, Categoria Referência SFCC, Frigorífico, Refeições",
        "Data_Coleta": "2025-06-01 01:58:14"
    },
    {
        "ID_Produto": "598141",
        "Categoria_Scraping": "frigorificos",
        "Nome": "Cheeseburguers",
        "Marca": "Pingo Doce",
        "Preco": 2.99,
        "Unidade_Info": "0.3 Kg | 9,97 €/Kg",
        "Categorias_GTM": "Frigorífico, Refeições, Categoria Referência SFCC, As Nossas Marcas, Pingo Doce",
        "Data_Coleta": "2025-06-01 01:58:14"
    },
    {
        "ID_Produto": "80105",
        "Categoria_Scraping": "frigorificos",
        "Nome": "Creme para Barrar de Chocolate",
        "Marca": "Tulicreme",
        "Preco": 2.99,
        "Unidade_Info": "0.2 Kg | 14,95 €/Kg",
        "Categorias_GTM": "Frigorífico, Manteigas e Cremes para Barrar, Categoria Referência SFCC",
        "Data_Coleta": "2025-06-01 01:58:14"
    },
    {
        "ID_Produto": "947025",
        "Categoria_Scraping": "frigorificos",
        "Nome": "Creme Vegetal",
        "Marca": "Planta",
        "Preco": 2.54,
        "Unidade_Info": "0.4 Kg | 6,35 €/Kg",
        "Categorias_GTM": "Frigorífico, Manteigas e Cremes para Barrar, Categoria Referência SFCC, Poupe Esta Semana, Promoções",
        "Data_Coleta": "2025-06-01 01:58:20"
    },
    {
        "ID_Produto": "84101",
        "Categoria_Scraping": "frigorificos",
        "Nome": "Creme Vegetal Culinário",
        "Marca": "Vaqueiro",
        "Preco": 1.59,
        "Unidade_Info": "0.25 Kg | 6,36 €/Kg",
        "Categorias_GTM": "Categoria Referência SFCC, Frigorífico, Manteigas e Cremes para Barrar",
        "Data_Coleta": "2025-06-01 01:58:20"
    },
    {
        "ID_Produto": "855385",
        "Categoria_Scraping": "frigorificos",
        "Nome": "Creme Vegetal Culinário",
        "Marca": "Becel",
        "Preco": 2.49,
        "Unidade_Info": "0.45 Kg | 5,53 €/Kg",
        "Categorias_GTM": "Frigorífico, Manteigas e Cremes para Barrar, Poupe Esta Semana, Promoções, Categoria Referência SFCC",
        "Data_Coleta": "2025-06-01 01:58:20"
    },
    {
        "ID_Produto": "823762",
        "Categoria_Scraping": "frigorificos",
        "Nome": "Creme Vegetal Culinário",
        "Marca": "Pingo Doce",
        "Preco": 0.77,
        "Unidade_Info": "0.25 Kg | 3,08 €/Kg",
        "Categorias_GTM": "As Nossas Marcas, Pingo Doce, Frigorífico, Manteigas e Cremes para Barrar, Categoria Referência SFCC",
        "Data_Coleta": "2025-06-01 01:58:20"
    },
    {
        "ID_Produto": "855384",
        "Categoria_Scraping": "frigorificos",
        "Nome": "Creme Vegetal para Barrar Original",
        "Marca": "Becel",
        "Preco": 3.56,
        "Unidade_Info": "0.45 Kg | 7,91 €/Kg",
        "Categorias_GTM": "Frigorífico, Manteigas e Cremes para Barrar, Categoria Referência SFCC, Poupe Esta Semana, Promoções",
        "Data_Coleta": "2025-06-01 01:58:20"
    },
    {
        "ID_Produto": "817746",
        "Categoria_Scraping": "frigorificos",
        "Nome": "Creme Vegetal para Barrar Sabor a Manteiga",
        "Marca": "Becel Pro Activ",
        "Preco": 4.49,
        "Unidade_Info": "0.45 Kg | 9,98 €/Kg",
        "Categorias_GTM": "Promoções, Categoria Referência SFCC, Frigorífico, Manteigas e Cremes para Barrar, Poupe Esta Semana",
        "Data_Coleta": "2025-06-01 01:58:20"
    },
    {
        "ID_Produto": "609308",
        "Categoria_Scraping": "frigorificos",
        "Nome": "Creme Vegetal para Barrar Sabor a Manteiga",
        "Marca": "Planta",
        "Preco": 4.99,
        "Unidade_Info": "1 Kg | 4,99 €/Kg",
        "Categorias_GTM": "Categoria Referência SFCC, Promoções, Poupe Esta Semana, Frigorífico, Manteigas e Cremes para Barrar",
        "Data_Coleta": "2025-06-01 01:58:20"
    },
    {
        "ID_Produto": "817766",
        "Categoria_Scraping": "frigorificos",
        "Nome": "Creme Vegetal para Barrar Sabor a Manteiga",
        "Marca": "Becel Pro Activ",
        "Preco": 4.49,
        "Unidade_Info": "0.45 Kg | 9,98 €/Kg",
        "Categorias_GTM": "Promoções, Categoria Referência SFCC, Poupe Esta Semana, Frigorífico, Manteigas e Cremes para Barrar",
        "Data_Coleta": "2025-06-01 01:58:20"
    },
    {
        "ID_Produto": "850264",
        "Categoria_Scraping": "frigorificos",
        "Nome": "Creme Vegetal para Barrar Sabor a Manteiga",
        "Marca": "Pingo Doce",
        "Preco": 1.69,
        "Unidade_Info": "0.5 Kg | 3,38 €/Kg",
        "Categorias_GTM": "Frigorífico, Manteigas e Cremes para Barrar, As Nossas Marcas, Pingo Doce, Categoria Referência SFCC",
        "Data_Coleta": "2025-06-01 01:58:20"
    },
    {
        "ID_Produto": "769141",
        "Categoria_Scraping": "frigorificos",
        "Nome": "Folhas de Massa Fresca para Lasanha",
        "Marca": "Rana",
        "Preco": 2.68,
        "Unidade_Info": "0.25 Kg | 10,72 €/Kg",
        "Categorias_GTM": "Frigorífico, Massas e Outros, Categoria Referência SFCC",
        "Data_Coleta": "2025-06-01 01:58:20"
    },
    {
        "ID_Produto": "819052",
        "Categoria_Scraping": "frigorificos",
        "Nome": "Gelatina 10Kcal Limão",
        "Marca": "Pingo Doce",
        "Preco": 1.09,
        "Unidade_Info": "0.4 Kg | 2,73 €/Kg",
        "Categorias_GTM": "Categoria Referência SFCC, Frigorífico, Gelatina, As Nossas Marcas, Pingo Doce",
        "Data_Coleta": "2025-06-01 01:58:20"
    },
    {
        "ID_Produto": "691350",
        "Categoria_Scraping": "frigorificos",
        "Nome": "Gelatina de Ananás",
        "Marca": "Pingo Doce",
        "Preco": 0.99,
        "Unidade_Info": "0.4 Kg | 2,47 €/Kg",
        "Categorias_GTM": "Categoria Referência SFCC, Frigorífico, Gelatina, As Nossas Marcas, Pingo Doce",
        "Data_Coleta": "2025-06-01 01:58:20"
    },
    {
        "ID_Produto": "856549",
        "Categoria_Scraping": "frigorificos",
        "Nome": "Gelatina de Maracujá",
        "Marca": "Pingo Doce",
        "Preco": 0.99,
        "Unidade_Info": "0.4 Kg | 2,47 €/Kg",
        "Categorias_GTM": "Frigorífico, Gelatina, As Nossas Marcas, Pingo Doce, Categoria Referência SFCC",
        "Data_Coleta": "2025-06-01 01:58:27"
    },
    {
        "ID_Produto": "977610",
        "Categoria_Scraping": "frigorificos",
        "Nome": "Guacamole",
        "Marca": "Pingo Doce",
        "Preco": 1.95,
        "Unidade_Info": "0.2 Kg | 9,75 €/Kg",
        "Categorias_GTM": "As Nossas Marcas, Pingo Doce, Frigorífico, Refeições, Categoria Referência SFCC",
        "Data_Coleta": "2025-06-01 01:58:27"
    },
    {
        "ID_Produto": "980996",
        "Categoria_Scraping": "frigorificos",
        "Nome": "Hummus",
        "Marca": "Pingo Doce",
        "Preco": 1.49,
        "Unidade_Info": "0.2 Kg | 7,45 €/Kg",
        "Categorias_GTM": "Frigorífico, As Nossas Marcas, Pingo Doce, Refeições, Categoria Referência SFCC",
        "Data_Coleta": "2025-06-01 01:58:27"
    },
    {
        "ID_Produto": "297027",
        "Categoria_Scraping": "frigorificos",
        "Nome": "Iogurte Aroma Coco",
        "Marca": "Pingo Doce",
        "Preco": 0.2,
        "Unidade_Info": "0.125 Kg | 1,6 €/Kg",
        "Categorias_GTM": "Frigorífico, Iogurtes, Naturais, As Nossas Marcas, Pingo Doce",
        "Data_Coleta": "2025-06-01 01:58:27"
    },
    {
        "ID_Produto": "297178",
        "Categoria_Scraping": "frigorificos",
        "Nome": "Iogurte Aroma Morango",
        "Marca": "Pingo Doce",
        "Preco": 0.2,
        "Unidade_Info": "0.125 Kg | 1,6 €/Kg",
        "Categorias_GTM": "Aromas e Tradicionais, As Nossas Marcas, Pingo Doce, Frigorífico, Iogurtes",
        "Data_Coleta": "2025-06-01 01:58:27"
    },
    {
        "ID_Produto": "907052001",
        "Categoria_Scraping": "frigorificos",
        "Nome": "Iogurte Batido Banana, Laranja e Bolacha Pack 4",
        "Marca": "Mimosa",
        "Preco": 1.69,
        "Unidade_Info": "4 x0.12 Kg | 3,52 €/Kg",
        "Categorias_GTM": "Frigorífico, Infantis, Iogurtes, Categoria Referência SFCC",
        "Data_Coleta": "2025-06-01 01:58:27"
    },
    {
        "ID_Produto": "299077",
        "Categoria_Scraping": "frigorificos",
        "Nome": "Iogurte Batido Natural Açucarado em Vidro",
        "Marca": "Pingo Doce",
        "Preco": 0.98,
        "Unidade_Info": "0.25 Kg | 3,92 €/Kg",
        "Categorias_GTM": "As Nossas Marcas, Pingo Doce, Aromas e Tradicionais, Frigorífico, Iogurtes",
        "Data_Coleta": "2025-06-01 01:58:27"
    },
    {
        "ID_Produto": "299817",
        "Categoria_Scraping": "frigorificos",
        "Nome": "Iogurte Batido Pedaços de Amora em Vidro",
        "Marca": "Pingo Doce",
        "Preco": 1.08,
        "Unidade_Info": "0.25 Kg | 4,32 €/Kg",
        "Categorias_GTM": "As Nossas Marcas, Pingo Doce, Aromas e Tradicionais, Frigorífico, Iogurtes",
        "Data_Coleta": "2025-06-01 01:58:27"
    },
    {
        "ID_Produto": "819560004",
        "Categoria_Scraping": "frigorificos",
        "Nome": "Iogurte Bifidus Aveia e Noz Pack 4",
        "Marca": "Activia Danone",
        "Preco": 2.39,
        "Unidade_Info": "0.48 Kg | 4,98 €/Kg",
        "Categorias_GTM": "Bífidus e Funcionais, Frigorífico, Iogurtes, Categoria Referência SFCC",
        "Data_Coleta": "2025-06-01 01:58:27"
    },
    {
        "ID_Produto": "953084",
        "Categoria_Scraping": "frigorificos",
        "Nome": "Iogurte Bifidus Fibra Pedaços Cereais Pack 8",
        "Marca": "Activia Danone",
        "Preco": 4.39,
        "Unidade_Info": "0.92 Kg | 4,77 €/Kg",
        "Categorias_GTM": "Categoria Referência SFCC, Bífidus e Funcionais, Frigorífico, Iogurtes",
        "Data_Coleta": "2025-06-01 01:58:27"
    },
    {
        "ID_Produto": "969071",
        "Categoria_Scraping": "frigorificos",
        "Nome": "Iogurte Bifidus Natural Pack 4",
        "Marca": "Activia Danone",
        "Preco": 1.99,
        "Unidade_Info": "0.48 Kg | 4,15 €/Kg",
        "Categorias_GTM": "Bífidus e Funcionais, Frigorífico, Iogurtes, Categoria Referência SFCC",
        "Data_Coleta": "2025-06-01 01:58:27"
    },
    {
        "ID_Produto": "948271",
        "Categoria_Scraping": "frigorificos",
        "Nome": "Iogurte Bifidus Pedaços Aveia e Noz Pack 8",
        "Marca": "Activia Danone",
        "Preco": 4.39,
        "Unidade_Info": "0.92 Kg | 4,77 €/Kg",
        "Categorias_GTM": "Bífidus e Funcionais, Frigorífico, Iogurtes, Categoria Referência SFCC",
        "Data_Coleta": "2025-06-01 01:58:27"
    },
    {
        "ID_Produto": "968561002",
        "Categoria_Scraping": "frigorificos",
        "Nome": "Iogurte Bifidus Pedaços Magro Coco Pack 4",
        "Marca": "Activia Danone",
        "Preco": 1.99,
        "Unidade_Info": "0.46 Kg | 4,33 €/Kg",
        "Categorias_GTM": "Bífidus e Funcionais, Frigorífico, Iogurtes, Categoria Referência SFCC",
        "Data_Coleta": "2025-06-01 01:58:33"
    },
    {
        "ID_Produto": "968561004",
        "Categoria_Scraping": "frigorificos",
        "Nome": "Iogurte Bifidus Pedaços Magro Frutos Silvestres Pack 4",
        "Marca": "Activia Danone",
        "Preco": 1.99,
        "Unidade_Info": "0.46 Kg | 4,33 €/Kg",
        "Categorias_GTM": "Bífidus e Funcionais, Frigorífico, Iogurtes, Categoria Referência SFCC",
        "Data_Coleta": "2025-06-01 01:58:33"
    },
    {
        "ID_Produto": "962264",
        "Categoria_Scraping": "frigorificos",
        "Nome": "Iogurte Bifidus Pedaços Mirtilo sem Lactose",
        "Marca": "Pingo Doce",
        "Preco": 0.48,
        "Unidade_Info": "0.12 L | 4 €/L",
        "Categorias_GTM": "Pingo Doce, Aromas e Tradicionais, Frigorífico, Iogurtes, As Nossas Marcas",
        "Data_Coleta": "2025-06-01 01:58:33"
    },
    {
        "ID_Produto": "938708",
        "Categoria_Scraping": "frigorificos",
        "Nome": "Iogurte Bifidus Topper Cereais Muesli, Chia e Amêndoa",
        "Marca": "Activia Danone",
        "Preco": 1.59,
        "Unidade_Info": "0.17 Kg | 9,35 €/Kg",
        "Categorias_GTM": "Bífidus e Funcionais, Frigorífico, Iogurtes, Categoria Referência SFCC",
        "Data_Coleta": "2025-06-01 01:58:33"
    },
    {
        "ID_Produto": "297182",
        "Categoria_Scraping": "frigorificos",
        "Nome": "Iogurte com Peçados de Pêssego",
        "Marca": "Pingo Doce",
        "Preco": 0.28,
        "Unidade_Info": "0.125 Kg | 2,24 €/Kg",
        "Categorias_GTM": "Pedaços e Mix-in, Frigorífico, Iogurtes, As Nossas Marcas, Pingo Doce",
        "Data_Coleta": "2025-06-01 01:58:33"
    },
    {
        "ID_Produto": "297181",
        "Categoria_Scraping": "frigorificos",
        "Nome": "Iogurte com Pedaços de Frutos Vermelhos",
        "Marca": "Pingo Doce",
        "Preco": 0.28,
        "Unidade_Info": "0.125 Kg | 2,24 €/Kg",
        "Categorias_GTM": "Pedaços e Mix-in, As Nossas Marcas, Pingo Doce, Frigorífico, Iogurtes",
        "Data_Coleta": "2025-06-01 01:58:33"
    },
    {
        "ID_Produto": "297180",
        "Categoria_Scraping": "frigorificos",
        "Nome": "Iogurte com Pedaços de Morango",
        "Marca": "Pingo Doce",
        "Preco": 0.28,
        "Unidade_Info": "0.125 Kg | 2,24 €/Kg",
        "Categorias_GTM": "Pedaços e Mix-in, Frigorífico, Iogurtes, As Nossas Marcas, Pingo Doce",
        "Data_Coleta": "2025-06-01 01:58:33"
    },
    {
        "ID_Produto": "470812",
        "Categoria_Scraping": "frigorificos",
        "Nome": "Iogurte Cremoso Biscuit",
        "Marca": "Pingo Doce",
        "Preco": 0.42,
        "Unidade_Info": "0.125 Kg | 3,36 €/Kg",
        "Categorias_GTM": "Aromas e Tradicionais, Iogurtes, Frigorífico, Categoria Referência SFCC, As Nossas Marcas",
        "Data_Coleta": "2025-06-01 01:58:33"
    },
    {
        "ID_Produto": "431962",
        "Categoria_Scraping": "frigorificos",
        "Nome": "Iogurte Cremoso Natural Açucarado",
        "Marca": "Pingo Doce",
        "Preco": 0.42,
        "Unidade_Info": "0.125 Kg | 3,36 €/Kg",
        "Categorias_GTM": "Aromas e Tradicionais, Iogurtes, Frigorífico, As Nossas Marcas, Pingo Doce",
        "Data_Coleta": "2025-06-01 01:58:33"
    },
    {
        "ID_Produto": "873365",
        "Categoria_Scraping": "frigorificos",
        "Nome": "Iogurte Grego Caramelo Salgado Pack 4",
        "Marca": "Pingo Doce",
        "Preco": 1.68,
        "Unidade_Info": "0.5 Kg | 3,36 €/Kg",
        "Categorias_GTM": "As Nossas Marcas, Pingo Doce, Frigorífico, Gregos, Iogurtes",
        "Data_Coleta": "2025-06-01 01:58:33"
    },
    {
        "ID_Produto": "768613013",
        "Categoria_Scraping": "frigorificos",
        "Nome": "Iogurte Grego Coco Pack 4",
        "Marca": "Danone",
        "Preco": 1.99,
        "Unidade_Info": "0.44 Kg | 4,52 €/Kg",
        "Categorias_GTM": "Poupe Esta Semana, Categoria Referência SFCC, Frigorífico, Gregos, Iogurtes",
        "Data_Coleta": "2025-06-01 01:58:33"
    },
    {
        "ID_Produto": "768613011",
        "Categoria_Scraping": "frigorificos",
        "Nome": "Iogurte Grego Manga e Papaia Pack 4",
        "Marca": "Oikos Danone",
        "Preco": 1.99,
        "Unidade_Info": "0.44 Kg | 4,52 €/Kg",
        "Categorias_GTM": "Poupe Esta Semana, Categoria Referência SFCC, Frigorífico, Gregos, Iogurtes",
        "Data_Coleta": "2025-06-01 01:58:33"
    },
    {
        "ID_Produto": "768613005",
        "Categoria_Scraping": "frigorificos",
        "Nome": "Iogurte Grego Maracujá Pack 4",
        "Marca": "Oikos Danone",
        "Preco": 1.99,
        "Unidade_Info": "0.44 Kg | 4,52 €/Kg",
        "Categorias_GTM": "Categoria Referência SFCC, Promoções, Frigorífico, Gregos, Iogurtes",
        "Data_Coleta": "2025-06-01 01:58:40"
    },
    {
        "ID_Produto": "982297",
        "Categoria_Scraping": "frigorificos",
        "Nome": "Iogurte Grego Maracujá Pack 4",
        "Marca": "Pingo Doce",
        "Preco": 1.65,
        "Unidade_Info": "0.5 Kg | 3,3 €/Kg",
        "Categorias_GTM": "As Nossas Marcas, Pingo Doce, Frigorífico, Gregos, Iogurtes",
        "Data_Coleta": "2025-06-01 01:58:40"
    },
    {
        "ID_Produto": "768613006",
        "Categoria_Scraping": "frigorificos",
        "Nome": "Iogurte Grego Morango Pack 4",
        "Marca": "Oikos Danone",
        "Preco": 1.99,
        "Unidade_Info": "0.44 Kg | 4,52 €/Kg",
        "Categorias_GTM": "Categoria Referência SFCC, Frigorífico, Gregos, Iogurtes, Poupe Esta Semana",
        "Data_Coleta": "2025-06-01 01:58:40"
    },
    {
        "ID_Produto": "938862",
        "Categoria_Scraping": "frigorificos",
        "Nome": "Iogurte Grego Natural",
        "Marca": "Pingo Doce",
        "Preco": 1.68,
        "Unidade_Info": "0.5 Kg | 3,36 €/Kg",
        "Categorias_GTM": "Categoria Referência SFCC, Frigorífico, Iogurtes, Proteicos, As Nossas Marcas",
        "Data_Coleta": "2025-06-01 01:58:40"
    },
    {
        "ID_Produto": "962554",
        "Categoria_Scraping": "frigorificos",
        "Nome": "Iogurte Grego Natural Açucarado Pack 4",
        "Marca": "Oikos Danone",
        "Preco": 2.49,
        "Unidade_Info": "0.44 Kg | 5,66 €/Kg",
        "Categorias_GTM": "Frigorífico, Gregos, Iogurtes, Categoria Referência SFCC",
        "Data_Coleta": "2025-06-01 01:58:40"
    },
    {
        "ID_Produto": "815192004",
        "Categoria_Scraping": "frigorificos",
        "Nome": "Iogurte Grego Stracciatella Pack 4",
        "Marca": "Oikos Danone",
        "Preco": 1.99,
        "Unidade_Info": "0.44 Kg | 4,52 €/Kg",
        "Categorias_GTM": "Categoria Referência SFCC, Frigorífico, Gregos, Iogurtes, Poupe Esta Semana",
        "Data_Coleta": "2025-06-01 01:58:40"
    },
    {
        "ID_Produto": "947914",
        "Categoria_Scraping": "frigorificos",
        "Nome": "Iogurte Kefir Morango",
        "Marca": "Nestlé",
        "Preco": 2.79,
        "Unidade_Info": "0.6 Kg | 4,65 €/Kg",
        "Categorias_GTM": "Categoria Referência SFCC, Aromas e Tradicionais, Frigorífico, Iogurtes",
        "Data_Coleta": "2025-06-01 01:58:40"
    },
    {
        "ID_Produto": "864178",
        "Categoria_Scraping": "frigorificos",
        "Nome": "Iogurte Kefir Natural",
        "Marca": "Pingo Doce",
        "Preco": 0.99,
        "Unidade_Info": "0.5 Kg | 1,98 €/Kg",
        "Categorias_GTM": "Categoria Referência SFCC, As Nossas Marcas, Pingo Doce, Frigorífico, Aromas e Tradicionais",
        "Data_Coleta": "2025-06-01 01:58:40"
    },
    {
        "ID_Produto": "909559",
        "Categoria_Scraping": "frigorificos",
        "Nome": "Iogurte Kefir Natural",
        "Marca": "Nestlé",
        "Preco": 2.79,
        "Unidade_Info": "0.6 Kg | 4,65 €/Kg",
        "Categorias_GTM": "Aromas e Tradicionais, Frigorífico, Iogurtes, Categoria Referência SFCC",
        "Data_Coleta": "2025-06-01 01:58:40"
    },
    {
        "ID_Produto": "854481001",
        "Categoria_Scraping": "frigorificos",
        "Nome": "Iogurte Líquido Bifidus Cereais Integrais Pack 4",
        "Marca": "Activia Danone",
        "Preco": 1.99,
        "Unidade_Info": "4 x0.155 Kg | 3,21 €/Kg",
        "Categorias_GTM": "Bífidus e Funcionais, Frigorífico, Iogurtes, Categoria Referência SFCC",
        "Data_Coleta": "2025-06-01 01:58:40"
    },
    {
        "ID_Produto": "926836",
        "Categoria_Scraping": "frigorificos",
        "Nome": "Iogurte Líquido Bifidus Cereais Integrais Pack 8",
        "Marca": "Activia Danone",
        "Preco": 3.89,
        "Unidade_Info": "1.24 Kg | 3,14 €/Kg",
        "Categorias_GTM": "Bífidus e Funcionais, Frigorífico, Iogurtes, Categoria Referência SFCC",
        "Data_Coleta": "2025-06-01 01:58:40"
    },
    {
        "ID_Produto": "846299008",
        "Categoria_Scraping": "frigorificos",
        "Nome": "Iogurte Líquido Bifidus Morango Pack 4",
        "Marca": "Activia Danone",
        "Preco": 1.99,
        "Unidade_Info": "4 x0.155 Kg | 3,21 €/Kg",
        "Categorias_GTM": "Categoria Referência SFCC, Bífidus e Funcionais, Frigorífico, Iogurtes",
        "Data_Coleta": "2025-06-01 01:58:40"
    },
    {
        "ID_Produto": "847424002",
        "Categoria_Scraping": "frigorificos",
        "Nome": "Iogurte Líquido Bifidus Triplo 0% Frutos Silvestres sem Lactose Pack 4",
        "Marca": "Activia Danone",
        "Preco": 1.99,
        "Unidade_Info": "4 x0.155 Kg | 3,21 €/Kg",
        "Categorias_GTM": "Categoria Referência SFCC, Bífidus e Funcionais, Frigorífico, Iogurtes",
        "Data_Coleta": "2025-06-01 01:58:47"
    },
    {
        "ID_Produto": "926837",
        "Categoria_Scraping": "frigorificos",
        "Nome": "Iogurte Líquido Bifidus Triplo 0% Frutos Silvestres sem Lactose Pack 8",
        "Marca": "Activia Danone",
        "Preco": 3.89,
        "Unidade_Info": "1.24 Kg | 3,14 €/Kg",
        "Categorias_GTM": "Bífidus e Funcionais, Frigorífico, Iogurtes, Categoria Referência SFCC",
        "Data_Coleta": "2025-06-01 01:58:47"
    },
    {
        "ID_Produto": "847424003",
        "Categoria_Scraping": "frigorificos",
        "Nome": "Iogurte Líquido Bifidus Triplo 0% Lima e Limão sem Lactose Pack 4",
        "Marca": "Activia Danone",
        "Preco": 1.99,
        "Unidade_Info": "4 x0.155 Kg | 3,21 €/Kg",
        "Categorias_GTM": "Categoria Referência SFCC, Bífidus e Funcionais, Frigorífico, Iogurtes",
        "Data_Coleta": "2025-06-01 01:58:47"
    },
    {
        "ID_Produto": "847424004",
        "Categoria_Scraping": "frigorificos",
        "Nome": "Iogurte Líquido Bifidus Triplo 0% Morango e Kiwi sem Lactose Pack 4",
        "Marca": "Activia Danone",
        "Preco": 1.99,
        "Unidade_Info": "4 x0.155 Kg | 3,21 €/Kg",
        "Categorias_GTM": "Categoria Referência SFCC, Bífidus e Funcionais, Frigorífico, Iogurtes",
        "Data_Coleta": "2025-06-01 01:58:47"
    },
    {
        "ID_Produto": "847424005",
        "Categoria_Scraping": "frigorificos",
        "Nome": "Iogurte Líquido Bifidus Triplo 0% Pêssego e Maracujá sem Lactose Pack 4",
        "Marca": "Activia Danone",
        "Preco": 1.99,
        "Unidade_Info": "4 x0.155 Kg | 3,21 €/Kg",
        "Categorias_GTM": "Categoria Referência SFCC, Bífidus e Funcionais, Frigorífico, Iogurtes",
        "Data_Coleta": "2025-06-01 01:58:47"
    },
    {
        "ID_Produto": "933406",
        "Categoria_Scraping": "frigorificos",
        "Nome": "Iogurte Líquido Bifidus Tutti Frutti Pack 12",
        "Marca": "Danacol Danone",
        "Preco": 5.79,
        "Unidade_Info": "1.2 Kg | 4,83 €/Kg",
        "Categorias_GTM": "Bífidus e Funcionais, Frigorífico, Iogurtes, Categoria Referência SFCC",
        "Data_Coleta": "2025-06-01 01:58:47"
    },
    {
        "ID_Produto": "802047003",
        "Categoria_Scraping": "frigorificos",
        "Nome": "Iogurte Líquido Coco sem Lactose Pack 4",
        "Marca": "Pingo Doce",
        "Preco": 1.49,
        "Unidade_Info": "4 x0.17 Kg | 2,19 €/Kg",
        "Categorias_GTM": "As Nossas Marcas, Pingo Doce, Frigorífico, Iogurtes, Líquidos",
        "Data_Coleta": "2025-06-01 01:58:47"
    },
    {
        "ID_Produto": "977577",
        "Categoria_Scraping": "frigorificos",
        "Nome": "Iogurte Líquido Cremoso Cookies Pack 4",
        "Marca": "Pingo Doce",
        "Preco": 1.43,
        "Unidade_Info": "4 x0.17 Kg | 2,1 €/Kg",
        "Categorias_GTM": "As Nossas Marcas, Pingo Doce, Frigorífico, Iogurtes, Líquidos",
        "Data_Coleta": "2025-06-01 01:58:47"
    },
    {
        "ID_Produto": "953140",
        "Categoria_Scraping": "frigorificos",
        "Nome": "Iogurte Líquido Cremoso Frutos Vermelhos Pack 4",
        "Marca": "Pingo Doce",
        "Preco": 1.43,
        "Unidade_Info": "4 x0.17 Kg | 2,1 €/Kg",
        "Categorias_GTM": "Frigorífico, Iogurtes, Líquidos, Categoria Referência SFCC, As Nossas Marcas",
        "Data_Coleta": "2025-06-01 01:58:47"
    },
    {
        "ID_Produto": "935259001",
        "Categoria_Scraping": "frigorificos",
        "Nome": "Iogurte Líquido Cremoso Frutos Vermelhos Pack 8",
        "Marca": "Mimosa",
        "Preco": 2.69,
        "Unidade_Info": "8 x0.151 L | 2,23 €/L",
        "Categorias_GTM": "Frigorífico, Iogurtes, Líquidos, Promoções, Categoria Referência SFCC",
        "Data_Coleta": "2025-06-01 01:58:47"
    },
    {
        "ID_Produto": "960253",
        "Categoria_Scraping": "frigorificos",
        "Nome": "Iogurte Líquido Cremoso Morango",
        "Marca": "Pingo Doce",
        "Preco": 1.39,
        "Unidade_Info": "0.75 L | 1,85 €/L",
        "Categorias_GTM": "Líquidos, As Nossas Marcas, Pingo Doce, Frigorífico, Iogurtes",
        "Data_Coleta": "2025-06-01 01:58:47"
    },
    {
        "ID_Produto": "953142",
        "Categoria_Scraping": "frigorificos",
        "Nome": "Iogurte Líquido Cremoso Pêssego e Cenoura Pack 4",
        "Marca": "Pingo Doce",
        "Preco": 1.43,
        "Unidade_Info": "4 x0.17 Kg | 2,1 €/Kg",
        "Categorias_GTM": "Categoria Referência SFCC, As Nossas Marcas, Pingo Doce, Frigorífico, Iogurtes",
        "Data_Coleta": "2025-06-01 01:58:47"
    },
    {
        "ID_Produto": "704613006",
        "Categoria_Scraping": "frigorificos",
        "Nome": "Iogurte Líquido Defesa Natural Pack 6",
        "Marca": "Actimel Danone",
        "Preco": 2.99,
        "Unidade_Info": "0.6 Kg | 4,98 €/Kg",
        "Categorias_GTM": "Categoria Referência SFCC, Bífidus e Funcionais, Frigorífico, Iogurtes",
        "Data_Coleta": "2025-06-01 01:58:53"
    },
    {
        "ID_Produto": "841169004",
        "Categoria_Scraping": "frigorificos",
        "Nome": "Iogurte Líquido Frutos Tropicais Pack 4",
        "Marca": "Yoggi",
        "Preco": 1.99,
        "Unidade_Info": "4 x0.16 Kg | 3,11 €/Kg",
        "Categorias_GTM": "Frigorífico, Iogurtes, Líquidos, Categoria Referência SFCC",
        "Data_Coleta": "2025-06-01 01:58:53"
    },
    {
        "ID_Produto": "985329",
        "Categoria_Scraping": "frigorificos",
        "Nome": "Iogurte Líquido Frutos Tropicais Pack 8",
        "Marca": "Pingo Doce",
        "Preco": 2.65,
        "Unidade_Info": "8 x0.17 Un | 1,95 €/Un",
        "Categorias_GTM": "Frigorífico, Iogurtes, Líquidos, As Nossas Marcas, Pingo Doce",
        "Data_Coleta": "2025-06-01 01:58:53"
    },
    {
        "ID_Produto": "968255",
        "Categoria_Scraping": "frigorificos",
        "Nome": "Iogurte Líquido Magro Ananás e Lima Pack 4",
        "Marca": "Pingo Doce",
        "Preco": 1.43,
        "Unidade_Info": "4 x0.17 Kg | 2,1 €/Kg",
        "Categorias_GTM": "Frigorífico, Iogurtes, Líquidos, As Nossas Marcas, Pingo Doce",
        "Data_Coleta": "2025-06-01 01:58:53"
    },
    {
        "ID_Produto": "971481",
        "Categoria_Scraping": "frigorificos",
        "Nome": "Iogurte Líquido Magro Frutos Tropicais Pack 4",
        "Marca": "Pingo Doce",
        "Preco": 1.99,
        "Unidade_Info": "4 x0.17 Kg | 2,93 €/Kg",
        "Categorias_GTM": "Frigorífico, Iogurtes, Líquidos, As Nossas Marcas, Pingo Doce",
        "Data_Coleta": "2025-06-01 01:58:53"
    },
    {
        "ID_Produto": "821282004",
        "Categoria_Scraping": "frigorificos",
        "Nome": "Iogurte Líquido Magro Frutos Tropicais Pack 8",
        "Marca": "Mimosa",
        "Preco": 2.99,
        "Unidade_Info": "8 x0.151 L | 2,48 €/L",
        "Categorias_GTM": "Frigorífico, Iogurtes, Líquidos, Categoria Referência SFCC",
        "Data_Coleta": "2025-06-01 01:58:53"
    },
    {
        "ID_Produto": "968246",
        "Categoria_Scraping": "frigorificos",
        "Nome": "Iogurte Líquido Magro Maracujá e Curcuma Pack 4",
        "Marca": "Pingo Doce",
        "Preco": 1.69,
        "Unidade_Info": "4 x0.17 Kg | 2,49 €/Kg",
        "Categorias_GTM": "Frigorífico, Iogurtes, Líquidos, As Nossas Marcas, Pingo Doce",
        "Data_Coleta": "2025-06-01 01:58:53"
    },
    {
        "ID_Produto": "959356",
        "Categoria_Scraping": "frigorificos",
        "Nome": "Iogurte Líquido Magro Morango e Cereais Pack 4",
        "Marca": "Pingo Doce",
        "Preco": 1.43,
        "Unidade_Info": "4 x0.17 Kg | 2,1 €/Kg",
        "Categorias_GTM": "As Nossas Marcas, Pingo Doce, Frigorífico, Iogurtes, Líquidos",
        "Data_Coleta": "2025-06-01 01:58:53"
    },
    {
        "ID_Produto": "880284002",
        "Categoria_Scraping": "frigorificos",
        "Nome": "Iogurte Líquido Magro Morango e Cereais sem Lactose Pack 4",
        "Marca": "Pingo Doce",
        "Preco": 1.99,
        "Unidade_Info": "4 x0.17 Kg | 2,93 €/Kg",
        "Categorias_GTM": "Frigorífico, Iogurtes, Líquidos, As Nossas Marcas, Pingo Doce",
        "Data_Coleta": "2025-06-01 01:58:53"
    },
    {
        "ID_Produto": "821282006",
        "Categoria_Scraping": "frigorificos",
        "Nome": "Iogurte Líquido Magro Morango Pack 4",
        "Marca": "Mimosa",
        "Preco": 1.54,
        "Unidade_Info": "4 x0.151 L | 2,55 €/L",
        "Categorias_GTM": "Frigorífico, Iogurtes, Líquidos, Categoria Referência SFCC",
        "Data_Coleta": "2025-06-01 01:58:53"
    },
    {
        "ID_Produto": "928205",
        "Categoria_Scraping": "frigorificos",
        "Nome": "Iogurte Líquido Magro Morango Pack 8",
        "Marca": "Corpos Danone",
        "Preco": 3.19,
        "Unidade_Info": "1.24 Kg | 2,57 €/Kg",
        "Categorias_GTM": "Frigorífico, Iogurtes, Líquidos, Categoria Referência SFCC",
        "Data_Coleta": "2025-06-01 01:58:53"
    },
    {
        "ID_Produto": "754671002",
        "Categoria_Scraping": "frigorificos",
        "Nome": "Iogurte Líquido Morango e Banana Infantil Pack 6",
        "Marca": "Pingo Doce",
        "Preco": 1.19,
        "Unidade_Info": "0.6 Kg | 1,98 €/Kg",
        "Categorias_GTM": "Frigorífico, Infantis, Iogurtes, Categoria Referência SFCC, As Nossas Marcas",
        "Data_Coleta": "2025-06-01 01:58:53"
    },
    {
        "ID_Produto": "857487002",
        "Categoria_Scraping": "frigorificos",
        "Nome": "Iogurte Líquido Morango e Banana Pack 4",
        "Marca": "Danone",
        "Preco": 1.59,
        "Unidade_Info": "4 x0.155 Kg | 2,56 €/Kg",
        "Categorias_GTM": "Frigorífico, Iogurtes, Líquidos, Categoria Referência SFCC",
        "Data_Coleta": "2025-06-01 01:59:00"
    },
    {
        "ID_Produto": "841169006",
        "Categoria_Scraping": "frigorificos",
        "Nome": "Iogurte Líquido Morango e Banana Pack 4",
        "Marca": "Yoggi",
        "Preco": 1.99,
        "Unidade_Info": "4 x0.16 Kg | 3,11 €/Kg",
        "Categorias_GTM": "Categoria Referência SFCC, Frigorífico, Iogurtes, Líquidos",
        "Data_Coleta": "2025-06-01 01:59:00"
    },
    {
        "ID_Produto": "972776",
        "Categoria_Scraping": "frigorificos",
        "Nome": "Iogurte Líquido Morango e Banana sem Lactose Pack 8",
        "Marca": "Yoggi",
        "Preco": 3.99,
        "Unidade_Info": "1.28 Kg | 3,12 €/Kg",
        "Categorias_GTM": "Frigorífico, Iogurtes, Líquidos, Categoria Referência SFCC",
        "Data_Coleta": "2025-06-01 01:59:00"
    },
    {
        "ID_Produto": "746830001",
        "Categoria_Scraping": "frigorificos",
        "Nome": "Iogurte Líquido Morango Infantil Pack 4",
        "Marca": "Danonino Danone",
        "Preco": 2.09,
        "Unidade_Info": "0.4 Kg | 5,23 €/Kg",
        "Categorias_GTM": "Frigorífico, Infantis, Iogurtes, Categoria Referência SFCC",
        "Data_Coleta": "2025-06-01 01:59:00"
    },
    {
        "ID_Produto": "841169007",
        "Categoria_Scraping": "frigorificos",
        "Nome": "Iogurte Líquido Morango Pack 4",
        "Marca": "Yoggi",
        "Preco": 1.99,
        "Unidade_Info": "4 x0.16 Kg | 3,11 €/Kg",
        "Categorias_GTM": "Categoria Referência SFCC, Frigorífico, Iogurtes, Líquidos",
        "Data_Coleta": "2025-06-01 01:59:00"
    },
    {
        "ID_Produto": "959972",
        "Categoria_Scraping": "frigorificos",
        "Nome": "Iogurte Líquido Morango Pack 8",
        "Marca": "Danone",
        "Preco": 2.99,
        "Unidade_Info": "1.24 Kg | 2,41 €/Kg",
        "Categorias_GTM": "Frigorífico, Iogurtes, Líquidos, Categoria Referência SFCC",
        "Data_Coleta": "2025-06-01 01:59:00"
    },
    {
        "ID_Produto": "802047001",
        "Categoria_Scraping": "frigorificos",
        "Nome": "Iogurte Líquido Morango sem Lactose Pack 4",
        "Marca": "Pingo Doce",
        "Preco": 1.49,
        "Unidade_Info": "4 x0.17 Kg | 2,19 €/Kg",
        "Categorias_GTM": "As Nossas Marcas, Pingo Doce, Categoria Referência SFCC, Frigorífico, Iogurtes",
        "Data_Coleta": "2025-06-01 01:59:00"
    },
    {
        "ID_Produto": "752919",
        "Categoria_Scraping": "frigorificos",
        "Nome": "Iogurte Líquido Natural Açucarado",
        "Marca": "Pingo Doce",
        "Preco": 1.39,
        "Unidade_Info": "0.75 Kg | 1,85 €/Kg",
        "Categorias_GTM": "Frigorífico, Iogurtes, Líquidos, Categoria Referência SFCC, As Nossas Marcas",
        "Data_Coleta": "2025-06-01 01:59:00"
    },
    {
        "ID_Produto": "972762",
        "Categoria_Scraping": "frigorificos",
        "Nome": "Iogurte Líquido Proteína Banana",
        "Marca": "Yopro Danone",
        "Preco": 1.99,
        "Unidade_Info": "0.3 Kg | 6,63 €/Kg",
        "Categorias_GTM": "Frigorífico, Iogurtes, Proteicos, Categoria Referência SFCC",
        "Data_Coleta": "2025-06-01 01:59:00"
    },
    {
        "ID_Produto": "985083",
        "Categoria_Scraping": "frigorificos",
        "Nome": "Iogurte Líquido Proteína Baunilha Pack 4",
        "Marca": "Go Active",
        "Preco": 2.69,
        "Unidade_Info": "4 x0.17 Kg | 3,96 €/Kg",
        "Categorias_GTM": "As Nossas Marcas, Go Active, Frigorífico, Iogurtes, Proteicos",
        "Data_Coleta": "2025-06-01 01:59:00"
    },
    {
        "ID_Produto": "985084",
        "Categoria_Scraping": "frigorificos",
        "Nome": "Iogurte Líquido Proteína Cookies Pack 4",
        "Marca": "Go Active",
        "Preco": 2.69,
        "Unidade_Info": "4 x0.17 Kg | 3,96 €/Kg",
        "Categorias_GTM": "As Nossas Marcas, Go Active, Frigorífico, Iogurtes, Proteicos",
        "Data_Coleta": "2025-06-01 01:59:00"
    },
    {
        "ID_Produto": "923865",
        "Categoria_Scraping": "frigorificos",
        "Nome": "Iogurte Líquido Proteína Manga",
        "Marca": "Yopro Danone",
        "Preco": 1.99,
        "Unidade_Info": "0.3 Kg | 6,63 €/Kg",
        "Categorias_GTM": "Frigorífico, Iogurtes, Proteicos, Categoria Referência SFCC",
        "Data_Coleta": "2025-06-01 01:59:00"
    },
    {
        "ID_Produto": "959933",
        "Categoria_Scraping": "frigorificos",
        "Nome": "Iogurte Líquido Proteína Mirtilo",
        "Marca": "Yopro Danone",
        "Preco": 1.99,
        "Unidade_Info": "0.3 Kg | 6,63 €/Kg",
        "Categorias_GTM": "Frigorífico, Iogurtes, Proteicos, Categoria Referência SFCC",
        "Data_Coleta": "2025-06-01 01:59:08"
    },
    {
        "ID_Produto": "943551",
        "Categoria_Scraping": "frigorificos",
        "Nome": "Iogurte Líquido Proteína Pêssego e Maracujá",
        "Marca": "Yopro Danone",
        "Preco": 1.99,
        "Unidade_Info": "0.3 Kg | 6,63 €/Kg",
        "Categorias_GTM": "Categoria Referência SFCC, Frigorífico, Iogurtes, Proteicos",
        "Data_Coleta": "2025-06-01 01:59:08"
    },
    {
        "ID_Produto": "943552",
        "Categoria_Scraping": "frigorificos",
        "Nome": "Iogurte Líquido Proteína Stracciatella",
        "Marca": "Yopro Danone",
        "Preco": 1.99,
        "Unidade_Info": "0.3 Kg | 6,63 €/Kg",
        "Categorias_GTM": "Categoria Referência SFCC, Frigorífico, Iogurtes, Proteicos",
        "Data_Coleta": "2025-06-01 01:59:08"
    },
    {
        "ID_Produto": "966748",
        "Categoria_Scraping": "frigorificos",
        "Nome": "Iogurte Líquido Reduz Colesterol Aveia Pack 12",
        "Marca": "Danacol Danone",
        "Preco": 5.79,
        "Unidade_Info": "1.2 Kg | 4,83 €/Kg",
        "Categorias_GTM": "Bífidus e Funcionais, Frigorífico, Iogurtes, Categoria Referência SFCC",
        "Data_Coleta": "2025-06-01 01:59:08"
    },
    {
        "ID_Produto": "863549",
        "Categoria_Scraping": "frigorificos",
        "Nome": "Iogurte Líquido Stracciatella Pack 4",
        "Marca": "Pingo Doce",
        "Preco": 1.44,
        "Unidade_Info": "4 x0.17 Kg | 2,12 €/Kg",
        "Categorias_GTM": "Frigorífico, Iogurtes, Líquidos, As Nossas Marcas, Pingo Doce",
        "Data_Coleta": "2025-06-01 01:59:08"
    },
    {
        "ID_Produto": "877330",
        "Categoria_Scraping": "frigorificos",
        "Nome": "Iogurte Magro Aroma Morango, Pêssego e Banana Pack 8",
        "Marca": "Mimosa",
        "Preco": 2.49,
        "Unidade_Info": "0.96 Kg | 2,59 €/Kg",
        "Categorias_GTM": "Frigorífico, Iogurtes, Magros, Categoria Referência SFCC",
        "Data_Coleta": "2025-06-01 01:59:08"
    },
    {
        "ID_Produto": "956075",
        "Categoria_Scraping": "frigorificos",
        "Nome": "Iogurte Magro Coco",
        "Marca": "Pingo Doce",
        "Preco": 0.2,
        "Unidade_Info": "0.125 Kg | 1,6 €/Kg",
        "Categorias_GTM": "Categoria Referência SFCC, As Nossas Marcas, Pingo Doce, Frigorífico, Iogurtes",
        "Data_Coleta": "2025-06-01 01:59:08"
    },
    {
        "ID_Produto": "956786",
        "Categoria_Scraping": "frigorificos",
        "Nome": "Iogurte Magro Morango",
        "Marca": "Pingo Doce",
        "Preco": 0.2,
        "Unidade_Info": "0.125 Kg | 1,6 €/Kg",
        "Categorias_GTM": "Categoria Referência SFCC, As Nossas Marcas, Pingo Doce, Frigorífico, Iogurtes",
        "Data_Coleta": "2025-06-01 01:59:08"
    },
    {
        "ID_Produto": "878976001",
        "Categoria_Scraping": "frigorificos",
        "Nome": "Iogurte Magro Morango sem Lactose",
        "Marca": "Pingo Doce",
        "Preco": 0.49,
        "Unidade_Info": "0.12 Kg | 4,08 €/Kg",
        "Categorias_GTM": "As Nossas Marcas, Pingo Doce, Frigorífico, Aromas e Tradicionais, Iogurtes",
        "Data_Coleta": "2025-06-01 01:59:08"
    },
    {
        "ID_Produto": "431961",
        "Categoria_Scraping": "frigorificos",
        "Nome": "Iogurte Magro Natural",
        "Marca": "Pingo Doce",
        "Preco": 0.2,
        "Unidade_Info": "0.125 Kg | 1,6 €/Kg",
        "Categorias_GTM": "Frigorífico, Iogurtes, Magros, As Nossas Marcas, Pingo Doce",
        "Data_Coleta": "2025-06-01 01:59:08"
    },
    {
        "ID_Produto": "956790",
        "Categoria_Scraping": "frigorificos",
        "Nome": "Iogurte Magro Pedaços Ananás",
        "Marca": "Pingo Doce",
        "Preco": 0.36,
        "Unidade_Info": "0.125 Kg | 2,88 €/Kg",
        "Categorias_GTM": "Categoria Referência SFCC, As Nossas Marcas, Pingo Doce, Frigorífico, Iogurtes",
        "Data_Coleta": "2025-06-01 01:59:08"
    },
    {
        "ID_Produto": "956791",
        "Categoria_Scraping": "frigorificos",
        "Nome": "Iogurte Magro Pedaços Mirtilo",
        "Marca": "Pingo Doce",
        "Preco": 0.36,
        "Unidade_Info": "0.125 Kg | 2,88 €/Kg",
        "Categorias_GTM": "Frigorífico, Iogurtes, Pedaços e Mix-in, Categoria Referência SFCC, As Nossas Marcas",
        "Data_Coleta": "2025-06-01 01:59:08"
    },
    {
        "ID_Produto": "956788",
        "Categoria_Scraping": "frigorificos",
        "Nome": "Iogurte Magro Pedaços Morango",
        "Marca": "Pingo Doce",
        "Preco": 0.36,
        "Unidade_Info": "0.125 Kg | 2,88 €/Kg",
        "Categorias_GTM": "Frigorífico, Iogurtes, Pedaços e Mix-in, Categoria Referência SFCC, As Nossas Marcas",
        "Data_Coleta": "2025-06-01 01:59:15"
    },
    {
        "ID_Produto": "802046001",
        "Categoria_Scraping": "frigorificos",
        "Nome": "Iogurte Meio Gordo Morango sem Lactose",
        "Marca": "Pingo Doce",
        "Preco": 0.28,
        "Unidade_Info": "0.12 Kg | 2,33 €/Kg",
        "Categorias_GTM": "As Nossas Marcas, Pingo Doce, Aromas e Tradicionais, Frigorífico, Iogurtes",
        "Data_Coleta": "2025-06-01 01:59:15"
    },
    {
        "ID_Produto": "753133",
        "Categoria_Scraping": "frigorificos",
        "Nome": "Iogurte Mix-In Chocopintas",
        "Marca": "Pingo Doce",
        "Preco": 0.58,
        "Unidade_Info": "0.14 Kg | 4,14 €/Kg",
        "Categorias_GTM": "Frigorífico, Infantis, Iogurtes, Categoria Referência SFCC, As Nossas Marcas",
        "Data_Coleta": "2025-06-01 01:59:15"
    },
    {
        "ID_Produto": "666465",
        "Categoria_Scraping": "frigorificos",
        "Nome": "Iogurte Mix-In KitKat Pack 2",
        "Marca": "Nestlé",
        "Preco": 2.19,
        "Unidade_Info": "0.23 Kg | 9,52 €/Kg",
        "Categorias_GTM": "Categoria Referência SFCC, Iogurtes, Frigorífico, Infantis",
        "Data_Coleta": "2025-06-01 01:59:15"
    },
    {
        "ID_Produto": "669103",
        "Categoria_Scraping": "frigorificos",
        "Nome": "Iogurte Mix-In Smarties Morango Pack 2",
        "Marca": "Nestlé",
        "Preco": 2.19,
        "Unidade_Info": "0.256 Kg | 8,55 €/Kg",
        "Categorias_GTM": "Categoria Referência SFCC, Frigorífico, Infantis, Iogurtes",
        "Data_Coleta": "2025-06-01 01:59:15"
    },
    {
        "ID_Produto": "944871",
        "Categoria_Scraping": "frigorificos",
        "Nome": "Iogurte Morango com Drageias Super Mário Infantil Pack 2",
        "Marca": "Danone",
        "Preco": 1.89,
        "Unidade_Info": "0.22 Kg | 8,59 €/Kg",
        "Categorias_GTM": "Categoria Referência SFCC, Frigorífico, Infantis, Iogurtes",
        "Data_Coleta": "2025-06-01 01:59:15"
    },
    {
        "ID_Produto": "986445",
        "Categoria_Scraping": "frigorificos",
        "Nome": "Iogurte Multipack  Proteína",
        "Marca": "Go Active",
        "Preco": 3.29,
        "Unidade_Info": "1 Kg | 3,29 €/Kg",
        "Categorias_GTM": "As Nossas Marcas, Go Active, Frigorífico, Iogurtes, Proteicos",
        "Data_Coleta": "2025-06-01 01:59:15"
    },
    {
        "ID_Produto": "802046003",
        "Categoria_Scraping": "frigorificos",
        "Nome": "Iogurte Natural sem Lactose",
        "Marca": "Pingo Doce",
        "Preco": 0.28,
        "Unidade_Info": "0.12 Kg | 2,33 €/Kg",
        "Categorias_GTM": "Categoria Referência SFCC, Aromas e Tradicionais, Frigorífico, Iogurtes, As Nossas Marcas",
        "Data_Coleta": "2025-06-01 01:59:15"
    },
    {
        "ID_Produto": "290182",
        "Categoria_Scraping": "frigorificos",
        "Nome": "Iogurte Petit Nesquik Pack 6",
        "Marca": "Nesquik",
        "Preco": 2.99,
        "Unidade_Info": "0.36 Kg | 8,31 €/Kg",
        "Categorias_GTM": "Frigorífico, Infantis, Iogurtes, Categoria Referência SFCC",
        "Data_Coleta": "2025-06-01 01:59:15"
    },
    {
        "ID_Produto": "305068",
        "Categoria_Scraping": "frigorificos",
        "Nome": "Iogurte Petit Suisse Morango, Framboesa e Alperce Pack 6",
        "Marca": "Pingo Doce",
        "Preco": 0.87,
        "Unidade_Info": "0.36 Kg | 2,42 €/Kg",
        "Categorias_GTM": "As Nossas Marcas, Pingo Doce, Frigorífico, Infantis, Iogurtes",
        "Data_Coleta": "2025-06-01 01:59:15"
    },
    {
        "ID_Produto": "836586",
        "Categoria_Scraping": "frigorificos",
        "Nome": "Iogurte Pouch Morango Infantil Pack 4",
        "Marca": "Danonino Danone",
        "Preco": 2.19,
        "Unidade_Info": "0.28 Kg | 7,82 €/Kg",
        "Categorias_GTM": "Frigorífico, Infantis, Iogurtes, Categoria Referência SFCC",
        "Data_Coleta": "2025-06-01 01:59:15"
    },
    {
        "ID_Produto": "969057",
        "Categoria_Scraping": "frigorificos",
        "Nome": "Iogurte Proteína Mirtilo",
        "Marca": "Yopro Danone",
        "Preco": 1.29,
        "Unidade_Info": "0.16 Kg | 8,06 €/Kg",
        "Categorias_GTM": "Frigorífico, Iogurtes, Proteicos, Categoria Referência SFCC",
        "Data_Coleta": "2025-06-01 01:59:15"
    },
    {
        "ID_Produto": "969058",
        "Categoria_Scraping": "frigorificos",
        "Nome": "Iogurte Proteína Morango",
        "Marca": "Yopro Danone",
        "Preco": 1.29,
        "Unidade_Info": "0.16 Kg | 8,06 €/Kg",
        "Categorias_GTM": "Frigorífico, Iogurtes, Proteicos, Categoria Referência SFCC",
        "Data_Coleta": "2025-06-01 01:59:22"
    },
    {
        "ID_Produto": "971067",
        "Categoria_Scraping": "frigorificos",
        "Nome": "Iogurte Proteína Natural",
        "Marca": "Yopro Danone",
        "Preco": 3.29,
        "Unidade_Info": "0.48 Kg | 6,85 €/Kg",
        "Categorias_GTM": "Frigorífico, Iogurtes, Proteicos, Categoria Referência SFCC",
        "Data_Coleta": "2025-06-01 01:59:22"
    },
    {
        "ID_Produto": "850376",
        "Categoria_Scraping": "frigorificos",
        "Nome": "Iogurte Skyr Maracujá",
        "Marca": "Go Active",
        "Preco": 0.69,
        "Unidade_Info": "0.15 Kg | 4,6 €/Kg",
        "Categorias_GTM": "As Nossas Marcas, Go Active, Frigorífico, Iogurtes, Proteicos",
        "Data_Coleta": "2025-06-01 01:59:22"
    },
    {
        "ID_Produto": "833008",
        "Categoria_Scraping": "frigorificos",
        "Nome": "Manteiga com Flor de Sal do Algarve",
        "Marca": "Pingo Doce Iguarias",
        "Preco": 2.09,
        "Unidade_Info": "0.125 Kg | 16,72 €/Kg",
        "Categorias_GTM": "As Nossas Iguarias, As Nossas Marcas, Categoria Referência SFCC, Frigorífico, Manteigas e Cremes para Barrar",
        "Data_Coleta": "2025-06-01 01:59:22"
    },
    {
        "ID_Produto": "951967",
        "Categoria_Scraping": "frigorificos",
        "Nome": "Manteiga com Sal",
        "Marca": "Mimosa",
        "Preco": 2.54,
        "Unidade_Info": "0.16 Kg | 15,88 €/Kg",
        "Categorias_GTM": "Categoria Referência SFCC, Frigorífico, Manteigas e Cremes para Barrar",
        "Data_Coleta": "2025-06-01 01:59:22"
    },
    {
        "ID_Produto": "343798",
        "Categoria_Scraping": "frigorificos",
        "Nome": "Manteiga com Sal",
        "Marca": "Gresso",
        "Preco": 2.14,
        "Unidade_Info": "0.25 Kg | 8,56 €/Kg",
        "Categorias_GTM": "Frigorífico, Manteigas e Cremes para Barrar, Categoria Referência SFCC, Poupe Esta Semana, Promoções",
        "Data_Coleta": "2025-06-01 01:59:22"
    },
    {
        "ID_Produto": "582242",
        "Categoria_Scraping": "frigorificos",
        "Nome": "Manteiga Light",
        "Marca": "Mimosa",
        "Preco": 2.34,
        "Unidade_Info": "0.25 Kg | 9,36 €/Kg",
        "Categorias_GTM": "Categoria Referência SFCC, Frigorífico, Manteigas e Cremes para Barrar",
        "Data_Coleta": "2025-06-01 01:59:22"
    },
    {
        "ID_Produto": "844126",
        "Categoria_Scraping": "frigorificos",
        "Nome": "Manteiga sem Sal",
        "Marca": "Primor",
        "Preco": 2.39,
        "Unidade_Info": "0.25 Kg | 9,56 €/Kg",
        "Categorias_GTM": "Categoria Referência SFCC, Frigorífico, Manteigas e Cremes para Barrar",
        "Data_Coleta": "2025-06-01 01:59:22"
    },
    {
        "ID_Produto": "593240",
        "Categoria_Scraping": "frigorificos",
        "Nome": "Manteiga sem Sal",
        "Marca": "Mimosa",
        "Preco": 2.44,
        "Unidade_Info": "0.25 Kg | 9,76 €/Kg",
        "Categorias_GTM": "Categoria Referência SFCC, Frigorífico, Manteigas e Cremes para Barrar",
        "Data_Coleta": "2025-06-01 01:59:22"
    },
    {
        "ID_Produto": "964874",
        "Categoria_Scraping": "frigorificos",
        "Nome": "Manteiga sem Sal",
        "Marca": "Pingo Doce",
        "Preco": 2.14,
        "Unidade_Info": "0.25 Kg | 8,56 €/Kg",
        "Categorias_GTM": "Frigorífico, Manteigas e Cremes para Barrar, As Nossas Marcas, Pingo Doce, Categoria Referência SFCC",
        "Data_Coleta": "2025-06-01 01:59:22"
    },
    {
        "ID_Produto": "766469",
        "Categoria_Scraping": "frigorificos",
        "Nome": "Massa Fresca  para Pizza",
        "Marca": "Pingo Doce",
        "Preco": 0.99,
        "Unidade_Info": "0.23 Kg | 4,3 €/Kg",
        "Categorias_GTM": "Frigorífico, Massas e Outros, Categoria Referência SFCC, As Nossas Marcas, Pingo Doce",
        "Data_Coleta": "2025-06-01 01:59:22"
    },
    {
        "ID_Produto": "955014",
        "Categoria_Scraping": "frigorificos",
        "Nome": "Mini Panquecas",
        "Marca": "Pingo Doce",
        "Preco": 1.99,
        "Unidade_Info": "0.25 Kg | 7,96 €/Kg",
        "Categorias_GTM": "As Nossas Marcas, Pingo Doce, Categoria Referência SFCC, Frigorífico, Massas e Outros",
        "Data_Coleta": "2025-06-01 01:59:22"
    },
    {
        "ID_Produto": "704739",
        "Categoria_Scraping": "frigorificos",
        "Nome": "Mousse de Chocolate",
        "Marca": "Pingo Doce",
        "Preco": 1.15,
        "Unidade_Info": "0.24 Kg | 4,79 €/Kg",
        "Categorias_GTM": "Categoria Referência SFCC, Frigorífico, Sobremesas, As Nossas Marcas, Pingo Doce",
        "Data_Coleta": "2025-06-01 01:59:30"
    },
    {
        "ID_Produto": "976233",
        "Categoria_Scraping": "frigorificos",
        "Nome": "Pizza Atum e Bacon",
        "Marca": "Pingo Doce",
        "Preco": 2.79,
        "Unidade_Info": "0.405 Kg | 6,89 €/Kg",
        "Categorias_GTM": "Frigorífico, Pizzas, As Nossas Marcas, Pingo Doce, Categoria Referência SFCC",
        "Data_Coleta": "2025-06-01 01:59:30"
    },
    {
        "ID_Produto": "732519",
        "Categoria_Scraping": "frigorificos",
        "Nome": "Pizza Fresca de Presunto Serrano",
        "Marca": "Pingo Doce",
        "Preco": 2.79,
        "Unidade_Info": "0.39 Kg | 7,15 €/Kg",
        "Categorias_GTM": "As Nossas Marcas, Pingo Doce, Categoria Referência SFCC, Frigorífico, Pizzas",
        "Data_Coleta": "2025-06-01 01:59:30"
    },
    {
        "ID_Produto": "879045",
        "Categoria_Scraping": "frigorificos",
        "Nome": "Pizza Fresca de Queijo e Fiambre sem Glúten",
        "Marca": "Pingo Doce",
        "Preco": 3.18,
        "Unidade_Info": "0.42 Kg | 7,57 €/Kg",
        "Categorias_GTM": "Frigorífico, Pizzas, As Nossas Marcas, Pingo Doce, Categoria Referência SFCC",
        "Data_Coleta": "2025-06-01 01:59:30"
    },
    {
        "ID_Produto": "977481",
        "Categoria_Scraping": "frigorificos",
        "Nome": "Pudim Proteico Café Latte",
        "Marca": "Go Active",
        "Preco": 0.89,
        "Unidade_Info": "0.2 Kg | 4,45 €/Kg",
        "Categorias_GTM": "As Nossas Marcas, Go Active, Frigorífico, Sobremesas, Categoria Referência SFCC",
        "Data_Coleta": "2025-06-01 01:59:30"
    },
    {
        "ID_Produto": "977480",
        "Categoria_Scraping": "frigorificos",
        "Nome": "Pudim Proteico Chocolate e Avelã",
        "Marca": "Go Active",
        "Preco": 0.89,
        "Unidade_Info": "0.2 Kg | 4,45 €/Kg",
        "Categorias_GTM": "As Nossas Marcas, Go Active, Frigorífico, Sobremesas, Categoria Referência SFCC",
        "Data_Coleta": "2025-06-01 01:59:30"
    },
    {
        "ID_Produto": "746865002",
        "Categoria_Scraping": "frigorificos",
        "Nome": "Queijinho Polpa Morango e Banana Infantil Pack 6",
        "Marca": "Danone",
        "Preco": 1.99,
        "Unidade_Info": "0.3 Kg | 6,63 €/Kg",
        "Categorias_GTM": "Frigorífico, Infantis, Iogurtes, Categoria Referência SFCC",
        "Data_Coleta": "2025-06-01 01:59:30"
    },
    {
        "ID_Produto": "570174004",
        "Categoria_Scraping": "frigorificos",
        "Nome": "Queijinho Polpa Morango e Baunilha Infantil Pack 6",
        "Marca": "Yoco",
        "Preco": 2.39,
        "Unidade_Info": "0.36 Kg | 6,64 €/Kg",
        "Categorias_GTM": "Frigorífico, Infantis, Iogurtes, Categoria Referência SFCC",
        "Data_Coleta": "2025-06-01 01:59:30"
    },
    {
        "ID_Produto": "746865001",
        "Categoria_Scraping": "frigorificos",
        "Nome": "Queijinho Polpa Morango Infantil Pack 6",
        "Marca": "Danone",
        "Preco": 1.99,
        "Unidade_Info": "0.3 Kg | 6,63 €/Kg",
        "Categorias_GTM": "Frigorífico, Infantis, Iogurtes, Categoria Referência SFCC",
        "Data_Coleta": "2025-06-01 01:59:30"
    },
    {
        "ID_Produto": "969557",
        "Categoria_Scraping": "frigorificos",
        "Nome": "Queijo Brie com Trufa",
        "Marca": "Pingo Doce Iguarias",
        "Preco": 4.19,
        "Unidade_Info": "0.135 Kg | 31,04 €/Kg",
        "Categorias_GTM": "As Nossas Iguarias, As Nossas Marcas, Estrangeiro, Frigorífico, Queijo",
        "Data_Coleta": "2025-06-01 01:59:30"
    },
    {
        "ID_Produto": "887865",
        "Categoria_Scraping": "frigorificos",
        "Nome": "Queijo Brie Meio Gordo 60% Cunha Président 200 g",
        "Marca": "Président",
        "Preco": 4.05,
        "Unidade_Info": "0.2 Kg | 20,25 €/Kg",
        "Categorias_GTM": "Estrangeiro, Frigorífico, Queijo, Categoria Referência SFCC",
        "Data_Coleta": "2025-06-01 01:59:30"
    },
    {
        "ID_Produto": "768251",
        "Categoria_Scraping": "frigorificos",
        "Nome": "Queijo Camembert",
        "Marca": "Pingo Doce",
        "Preco": 1.99,
        "Unidade_Info": "0.25 Kg | 7,96 €/Kg",
        "Categorias_GTM": "As Nossas Marcas, Pingo Doce, Categoria Referência SFCC, Estrangeiro, Frigorífico",
        "Data_Coleta": "2025-06-01 01:59:30"
    },
    {
        "ID_Produto": "943366",
        "Categoria_Scraping": "frigorificos",
        "Nome": "Queijo Chévre",
        "Marca": "Pingo Doce",
        "Preco": 2.09,
        "Unidade_Info": "0.18 Kg | 11,61 €/Kg",
        "Categorias_GTM": "Categoria Referência SFCC, Estrangeiro, Frigorífico, Queijo, As Nossas Marcas",
        "Data_Coleta": "2025-06-01 01:59:37"
    },
    {
        "ID_Produto": "834812",
        "Categoria_Scraping": "frigorificos",
        "Nome": "Queijo Creme Light para Barrar",
        "Marca": "Pingo Doce",
        "Preco": 1.34,
        "Unidade_Info": "0.2 Kg | 6,7 €/Kg",
        "Categorias_GTM": "As Nossas Marcas, Pingo Doce, Categoria Referência SFCC, Para Barrar, Frigorífico",
        "Data_Coleta": "2025-06-01 01:59:37"
    },
    {
        "ID_Produto": "87615",
        "Categoria_Scraping": "frigorificos",
        "Nome": "Queijo Creme Queru Real",
        "Marca": "ERU Queru",
        "Preco": 1.39,
        "Unidade_Info": "0.1 Kg | 13,9 €/Kg",
        "Categorias_GTM": "Para Barrar, Frigorífico, Queijo, Categoria Referência SFCC, Poupe Este Fim De Semana",
        "Data_Coleta": "2025-06-01 01:59:37"
    },
    {
        "ID_Produto": "942048",
        "Categoria_Scraping": "frigorificos",
        "Nome": "Queijo Curado Fatiado",
        "Marca": "Milhafre",
        "Preco": 2.19,
        "Unidade_Info": "0.18 Kg | 12,17 €/Kg",
        "Categorias_GTM": "Categoria Referência SFCC, Fatiado e Bola, Frigorífico, Queijo, Poupe Este Fim De Semana",
        "Data_Coleta": "2025-06-01 01:59:37"
    },
    {
        "ID_Produto": "891805",
        "Categoria_Scraping": "frigorificos",
        "Nome": "Queijo da Ilha DOP Cura de 7 Meses",
        "Marca": "São Jorge",
        "Preco": 6.85,
        "Unidade_Info": "0.4 Kg | 17,12 €/Kg",
        "Categorias_GTM": "Categoria Referência SFCC, Frigorífico, Nacional, Queijo, Poupe Este Fim De Semana",
        "Data_Coleta": "2025-06-01 01:59:37"
    },
    {
        "ID_Produto": "756484",
        "Categoria_Scraping": "frigorificos",
        "Nome": "Queijo da Ilha Ralado",
        "Marca": "Pingo Doce",
        "Preco": 2.19,
        "Unidade_Info": "0.2 Kg | 10,95 €/Kg",
        "Categorias_GTM": "Frigorífico, Queijo, Ralado, Categoria Referência SFCC, As Nossas Marcas",
        "Data_Coleta": "2025-06-01 01:59:37"
    },
    {
        "ID_Produto": "641425",
        "Categoria_Scraping": "frigorificos",
        "Nome": "Queijo de Cabra Curado Campaínha",
        "Marca": "Campainha",
        "Preco": 2.59,
        "Unidade_Info": "0.15 Un | 17,27 €/Un",
        "Categorias_GTM": "Fatiado e Bola, Frigorífico, Queijo, Categoria Referência SFCC",
        "Data_Coleta": "2025-06-01 01:59:37"
    },
    {
        "ID_Produto": "726637",
        "Categoria_Scraping": "frigorificos",
        "Nome": "Queijo de Cabra Curado Metade",
        "Marca": "Quinta do Olival",
        "Preco": 11.97,
        "Unidade_Info": "0.4 Kg | 29,93 €/Kg",
        "Categorias_GTM": "Categoria Referência SFCC, Frigorífico, Queijo, Nacional",
        "Data_Coleta": "2025-06-01 01:59:37"
    },
    {
        "ID_Produto": "923487",
        "Categoria_Scraping": "frigorificos",
        "Nome": "Queijo de Mistura Amanteigado",
        "Marca": "Limiano",
        "Preco": 6.99,
        "Unidade_Info": "0.45 Kg | 15,53 €/Kg",
        "Categorias_GTM": "Frigorífico, Nacional, Queijo, Categoria Referência SFCC",
        "Data_Coleta": "2025-06-01 01:59:37"
    },
    {
        "ID_Produto": "803996",
        "Categoria_Scraping": "frigorificos",
        "Nome": "Queijo de Prato Amanteigado",
        "Marca": "Pingo Doce",
        "Preco": 4.79,
        "Unidade_Info": "0.5 Kg | 9,58 €/Kg",
        "Categorias_GTM": "Categoria Referência SFCC, Fatiado e Bola, Frigorífico, Queijo, As Nossas Marcas",
        "Data_Coleta": "2025-06-01 01:59:37"
    },
    {
        "ID_Produto": "883174",
        "Categoria_Scraping": "frigorificos",
        "Nome": "Queijo de Prato Meio Gordo Pequeno",
        "Marca": "Castelões",
        "Preco": 7.49,
        "Unidade_Info": "0.5 Kg | 14,98 €/Kg",
        "Categorias_GTM": "Fatiado e Bola, Frigorífico, Queijo, Categoria Referência SFCC",
        "Data_Coleta": "2025-06-01 01:59:37"
    },
    {
        "ID_Produto": "883173",
        "Categoria_Scraping": "frigorificos",
        "Nome": "Queijo de Prato Pequeno",
        "Marca": "Castelões",
        "Preco": 6.29,
        "Unidade_Info": "0.5 Kg | 12,58 €/Kg",
        "Categorias_GTM": "Fatiado e Bola, Frigorífico, Queijo, Categoria Referência SFCC, Poupe Esta Semana",
        "Data_Coleta": "2025-06-01 01:59:37"
    },
    {
        "ID_Produto": "152604",
        "Categoria_Scraping": "frigorificos",
        "Nome": "Queijo de Vaca Curado",
        "Marca": "Castelões",
        "Preco": 13.49,
        "Unidade_Info": "1.18 Kg",
        "Categorias_GTM": "Fatiado e Bola, Frigorífico, Queijo, Categoria Referência SFCC",
        "Data_Coleta": "2025-06-01 01:59:45"
    },
    {
        "ID_Produto": "731120",
        "Categoria_Scraping": "frigorificos",
        "Nome": "Queijo de Vaca e Ovelha Amanteigado Fatias",
        "Marca": "Limiano",
        "Preco": 2.79,
        "Unidade_Info": "0.18 Un | 15,5 €/Un",
        "Categorias_GTM": "Frigorífico, Nacional, Queijo",
        "Data_Coleta": "2025-06-01 01:59:45"
    },
    {
        "ID_Produto": "852621",
        "Categoria_Scraping": "frigorificos",
        "Nome": "Queijo dos Açores",
        "Marca": "Milhafre",
        "Preco": 13.99,
        "Unidade_Info": "1.17 Kg",
        "Categorias_GTM": "Categoria Referência SFCC, Fatiado e Bola, Frigorífico, Queijo",
        "Data_Coleta": "2025-06-01 01:59:45"
    },
    {
        "ID_Produto": "294641",
        "Categoria_Scraping": "frigorificos",
        "Nome": "Queijo Emmental",
        "Marca": "Président",
        "Preco": 4.75,
        "Unidade_Info": "0.25 Kg | 19 €/Kg",
        "Categorias_GTM": "Estrangeiro, Frigorífico, Queijo, Categoria Referência SFCC",
        "Data_Coleta": "2025-06-01 01:59:45"
    },
    {
        "ID_Produto": "813715",
        "Categoria_Scraping": "frigorificos",
        "Nome": "Queijo Emmental Ralado",
        "Marca": "Pingo Doce",
        "Preco": 1.79,
        "Unidade_Info": "0.2 Kg | 8,95 €/Kg",
        "Categorias_GTM": "Categoria Referência SFCC, Frigorífico, Queijo, Ralado, As Nossas Marcas",
        "Data_Coleta": "2025-06-01 01:59:45"
    },
    {
        "ID_Produto": "889012",
        "Categoria_Scraping": "frigorificos",
        "Nome": "Queijo Fesco Pouco Gordo Santiago",
        "Marca": "Santiago",
        "Preco": 1.78,
        "Unidade_Info": "0.2 Kg | 8,9 €/Kg",
        "Categorias_GTM": "Fresco e Requeijão, Frigorífico, Queijo, Categoria Referência SFCC",
        "Data_Coleta": "2025-06-01 01:59:45"
    },
    {
        "ID_Produto": "57202",
        "Categoria_Scraping": "frigorificos",
        "Nome": "Queijo Flamengo Bola Fatiado ao Balcão",
        "Marca": "Limiano",
        "Preco": 10.79,
        "Unidade_Info": "1.6 Kg",
        "Categorias_GTM": "Categoria Referência SFCC, Fatiado e Bola, Frigorífico, Queijo",
        "Data_Coleta": "2025-06-01 01:59:45"
    },
    {
        "ID_Produto": "575189",
        "Categoria_Scraping": "frigorificos",
        "Nome": "Queijo Flamengo em Barra Fatiado no Balcão",
        "Marca": "Mimosa",
        "Preco": 9.99,
        "Unidade_Info": "0.2 Kg",
        "Categorias_GTM": "Categoria Referência SFCC, Fatiado e Bola, Frigorífico, Queijo",
        "Data_Coleta": "2025-06-01 01:59:45"
    },
    {
        "ID_Produto": "758882",
        "Categoria_Scraping": "frigorificos",
        "Nome": "Queijo Flamengo Fatiado sem Lactose",
        "Marca": "Pingo Doce",
        "Preco": 1.59,
        "Unidade_Info": "0.15 Kg | 10,6 €/Kg",
        "Categorias_GTM": "Fatiado e Bola, Frigorífico, Categoria Referência SFCC, As Nossas Marcas, Pingo Doce",
        "Data_Coleta": "2025-06-01 01:59:45"
    },
    {
        "ID_Produto": "884035",
        "Categoria_Scraping": "frigorificos",
        "Nome": "Queijo Flamengo Fatia Redonda",
        "Marca": "Pingo Doce",
        "Preco": 1.99,
        "Unidade_Info": "0.2 Kg | 9,95 €/Kg",
        "Categorias_GTM": "As Nossas Marcas, Pingo Doce, Fatiado e Bola, Frigorífico, Queijo",
        "Data_Coleta": "2025-06-01 01:59:45"
    },
    {
        "ID_Produto": "669834",
        "Categoria_Scraping": "frigorificos",
        "Nome": "Queijo Flamengo Quartos",
        "Marca": "Terra Nostra",
        "Preco": 4.19,
        "Unidade_Info": "0.35 Kg | 11,97 €/Kg",
        "Categorias_GTM": "Categoria Referência SFCC, Queijo, Fatiado e Bola, Frigorífico",
        "Data_Coleta": "2025-06-01 01:59:45"
    },
    {
        "ID_Produto": "735189",
        "Categoria_Scraping": "frigorificos",
        "Nome": "Queijo Flamengo Quartos",
        "Marca": "Limiano",
        "Preco": 3.89,
        "Unidade_Info": "0.325 Un | 11,97 €/Un",
        "Categorias_GTM": "Fatiado e Bola, Frigorífico, Queijo, Categoria Referência SFCC",
        "Data_Coleta": "2025-06-01 01:59:45"
    },
    {
        "ID_Produto": "358372",
        "Categoria_Scraping": "frigorificos",
        "Nome": "Queijo Flamengo Quartos",
        "Marca": "Pingo Doce",
        "Preco": 7.73,
        "Unidade_Info": "0.35 Kg",
        "Categorias_GTM": "Fatiado e Bola, Frigorífico, Queijo, As Nossas Marcas, Pingo Doce",
        "Data_Coleta": "2025-06-01 01:59:53"
    },
    {
        "ID_Produto": "644849",
        "Categoria_Scraping": "frigorificos",
        "Nome": "Queijo Flamengo Ralado",
        "Marca": "Terra Nostra",
        "Preco": 1.99,
        "Unidade_Info": "0.15 Kg | 13,27 €/Kg",
        "Categorias_GTM": "Categoria Referência SFCC, Frigorífico, Queijo, Ralado",
        "Data_Coleta": "2025-06-01 01:59:53"
    },
    {
        "ID_Produto": "945747",
        "Categoria_Scraping": "frigorificos",
        "Nome": "Queijo Fresco Cottage",
        "Marca": "Matinal",
        "Preco": 1.69,
        "Unidade_Info": "0.18 Kg | 9,39 €/Kg",
        "Categorias_GTM": "Para Barrar, Frigorífico, Queijo, Categoria Referência SFCC, Poupe Esta Semana",
        "Data_Coleta": "2025-06-01 01:59:53"
    },
    {
        "ID_Produto": "766458",
        "Categoria_Scraping": "frigorificos",
        "Nome": "Queijo Fresco de Cabra Meio",
        "Marca": "Pingo Doce",
        "Preco": 1.55,
        "Unidade_Info": "0.13 Kg | 11,92 €/Kg",
        "Categorias_GTM": "Fresco e Requeijão, Frigorífico, Queijo, Categoria Referência SFCC, As Nossas Marcas",
        "Data_Coleta": "2025-06-01 01:59:53"
    },
    {
        "ID_Produto": "813716",
        "Categoria_Scraping": "frigorificos",
        "Nome": "Queijo Fresco de Vaca",
        "Marca": "Pingo Doce",
        "Preco": 0.54,
        "Unidade_Info": "0.08 Kg | 6,75 €/Kg",
        "Categorias_GTM": "As Nossas Marcas, Pingo Doce, Categoria Referência SFCC, Fresco e Requeijão, Frigorífico",
        "Data_Coleta": "2025-06-01 01:59:53"
    },
    {
        "ID_Produto": "961861",
        "Categoria_Scraping": "frigorificos",
        "Nome": "Queijo Fresco de Vaca",
        "Marca": "Pingo Doce",
        "Preco": 1.15,
        "Unidade_Info": "0.2 Kg | 5,75 €/Kg",
        "Categorias_GTM": "Fresco e Requeijão, Frigorífico, Queijo, As Nossas Marcas, Pingo Doce",
        "Data_Coleta": "2025-06-01 01:59:53"
    },
    {
        "ID_Produto": "889016",
        "Categoria_Scraping": "frigorificos",
        "Nome": "Queijo Fresco Light",
        "Marca": "Pingo Doce",
        "Preco": 0.54,
        "Unidade_Info": "0.08 Kg | 6,75 €/Kg",
        "Categorias_GTM": "Fresco e Requeijão, Frigorífico, Queijo, As Nossas Marcas, Pingo Doce",
        "Data_Coleta": "2025-06-01 01:59:53"
    },
    {
        "ID_Produto": "604207",
        "Categoria_Scraping": "frigorificos",
        "Nome": "Queijo Fresco Mozzarella",
        "Marca": "Galbani",
        "Preco": 1.95,
        "Unidade_Info": "0.125 Kg | 15,6 €/Kg",
        "Categorias_GTM": "Categoria Referência SFCC, Estrangeiro, Frigorífico, Queijo",
        "Data_Coleta": "2025-06-01 01:59:53"
    },
    {
        "ID_Produto": "889010",
        "Categoria_Scraping": "frigorificos",
        "Nome": "Queijo Fresco Pouco Gordo",
        "Marca": "Santiago",
        "Preco": 0.65,
        "Unidade_Info": "0.08 Kg | 8,13 €/Kg",
        "Categorias_GTM": "Fresco e Requeijão, Frigorífico, Queijo, Categoria Referência SFCC, Poupe Esta Semana",
        "Data_Coleta": "2025-06-01 01:59:53"
    },
    {
        "ID_Produto": "823583",
        "Categoria_Scraping": "frigorificos",
        "Nome": "Queijo Fundido Fatiado",
        "Marca": "Pingo Doce",
        "Preco": 1.79,
        "Unidade_Info": "0.3 Kg | 5,97 €/Kg",
        "Categorias_GTM": "As Nossas Marcas, Pingo Doce, Categoria Referência SFCC, Frigorífico, Queijo",
        "Data_Coleta": "2025-06-01 01:59:53"
    },
    {
        "ID_Produto": "905608",
        "Categoria_Scraping": "frigorificos",
        "Nome": "Queijo Fundido Light Porções",
        "Marca": "Pingo Doce",
        "Preco": 2.29,
        "Unidade_Info": "0.25 Kg | 9,16 €/Kg",
        "Categorias_GTM": "Frigorífico, Queijo, Snacks de Queijo, As Nossas Marcas, Pingo Doce",
        "Data_Coleta": "2025-06-01 01:59:53"
    },
    {
        "ID_Produto": "955261",
        "Categoria_Scraping": "frigorificos",
        "Nome": "Queijo Fundido Light Porções",
        "Marca": "A Vaca que ri",
        "Preco": 4.49,
        "Unidade_Info": "0.375 Kg | 11,97 €/Kg",
        "Categorias_GTM": "Categoria Referência SFCC, Frigorífico, Queijo, Snacks de Queijo",
        "Data_Coleta": "2025-06-01 01:59:53"
    },
    {
        "ID_Produto": "955141",
        "Categoria_Scraping": "frigorificos",
        "Nome": "Queijo Fundido Porções",
        "Marca": "A Vaca que ri",
        "Preco": 2.95,
        "Unidade_Info": "0.25 Kg | 11,8 €/Kg",
        "Categorias_GTM": "Categoria Referência SFCC, Frigorífico, Queijo, Snacks de Queijo, Poupe Este Fim De Semana",
        "Data_Coleta": "2025-06-01 02:00:01"
    },
    {
        "ID_Produto": "955259",
        "Categoria_Scraping": "frigorificos",
        "Nome": "Queijo Fundido Porções",
        "Marca": "A Vaca que ri",
        "Preco": 4.49,
        "Unidade_Info": "0.375 Kg | 11,97 €/Kg",
        "Categorias_GTM": "Categoria Referência SFCC, Frigorífico, Queijo, Snacks de Queijo",
        "Data_Coleta": "2025-06-01 02:00:01"
    },
    {
        "ID_Produto": "765630",
        "Categoria_Scraping": "frigorificos",
        "Nome": "Queijo Fundido Porções",
        "Marca": "Pingo Doce",
        "Preco": 0.99,
        "Unidade_Info": "0.14 Kg | 7,07 €/Kg",
        "Categorias_GTM": "Frigorífico, Queijo, Snacks de Queijo, As Nossas Marcas, Pingo Doce",
        "Data_Coleta": "2025-06-01 02:00:01"
    },
    {
        "ID_Produto": "862063",
        "Categoria_Scraping": "frigorificos",
        "Nome": "Queijo Ilha Cunha",
        "Marca": "Pingo Doce",
        "Preco": 4.69,
        "Unidade_Info": "0.4 Kg | 11,73 €/Kg",
        "Categorias_GTM": "Frigorífico, Nacional, Queijo, As Nossas Marcas, Pingo Doce",
        "Data_Coleta": "2025-06-01 02:00:01"
    },
    {
        "ID_Produto": "819535",
        "Categoria_Scraping": "frigorificos",
        "Nome": "Queijo Manchego DOP 6 Meses de Cura",
        "Marca": "Pingo Doce Iguarias",
        "Preco": 5.29,
        "Unidade_Info": "0.25 Kg | 21,16 €/Kg",
        "Categorias_GTM": "Queijo, Estrangeiro, Frigorífico, As Nossas Iguarias, As Nossas Marcas",
        "Data_Coleta": "2025-06-01 02:00:01"
    },
    {
        "ID_Produto": "843097",
        "Categoria_Scraping": "frigorificos",
        "Nome": "Queijo Mascarpone",
        "Marca": "Pingo Doce",
        "Preco": 1.99,
        "Unidade_Info": "0.25 Kg | 7,96 €/Kg",
        "Categorias_GTM": "Categoria Referência SFCC, Estrangeiro, Frigorífico, Queijo, As Nossas Marcas",
        "Data_Coleta": "2025-06-01 02:00:01"
    },
    {
        "ID_Produto": "823188",
        "Categoria_Scraping": "frigorificos",
        "Nome": "Queijo Mini",
        "Marca": "Babybel",
        "Preco": 4.59,
        "Unidade_Info": "0.24 Kg | 19,13 €/Kg",
        "Categorias_GTM": "Categoria Referência SFCC, Frigorífico, Queijo, Snacks de Queijo",
        "Data_Coleta": "2025-06-01 02:00:01"
    },
    {
        "ID_Produto": "925098",
        "Categoria_Scraping": "frigorificos",
        "Nome": "Queijo para Barrar com Ervas",
        "Marca": "Pingo Doce",
        "Preco": 1.25,
        "Unidade_Info": "0.2 Kg | 6,25 €/Kg",
        "Categorias_GTM": "As Nossas Marcas, Pingo Doce, Categoria Referência SFCC, Para Barrar, Frigorífico",
        "Data_Coleta": "2025-06-01 02:00:01"
    },
    {
        "ID_Produto": "950727",
        "Categoria_Scraping": "frigorificos",
        "Nome": "Queijo para Barrar Original",
        "Marca": "Philadelphia",
        "Preco": 2.29,
        "Unidade_Info": "0.15 Kg | 15,27 €/Kg",
        "Categorias_GTM": "Categoria Referência SFCC, Para Barrar, Frigorífico, Queijo",
        "Data_Coleta": "2025-06-01 02:00:01"
    },
    {
        "ID_Produto": "802760",
        "Categoria_Scraping": "frigorificos",
        "Nome": "Queijo Parmesão Ralado Parmigiano",
        "Marca": "Parmareggio",
        "Preco": 1.79,
        "Unidade_Info": "0.06 Kg | 29,83 €/Kg",
        "Categorias_GTM": "Frigorífico, Queijo, Ralado, Categoria Referência SFCC, Poupe Esta Semana",
        "Data_Coleta": "2025-06-01 02:00:01"
    },
    {
        "ID_Produto": "457142",
        "Categoria_Scraping": "frigorificos",
        "Nome": "Queijo Ricotta",
        "Marca": "Galbani",
        "Preco": 2.49,
        "Unidade_Info": "0.25 Kg | 9,96 €/Kg",
        "Categorias_GTM": "Categoria Referência SFCC, Estrangeiro, Frigorífico, Queijo",
        "Data_Coleta": "2025-06-01 02:00:01"
    },
    {
        "ID_Produto": "54984",
        "Categoria_Scraping": "frigorificos",
        "Nome": "Queio de Prato Meio Gordo D.Pedro",
        "Marca": "D. Pedro",
        "Preco": 9.99,
        "Unidade_Info": "1.15 Kg",
        "Categorias_GTM": "Promoções, Poupe Esta Semana, Categoria Referência SFCC, Fatiado e Bola, Frigorífico",
        "Data_Coleta": "2025-06-01 02:00:01"
    },
    {
        "ID_Produto": "808419",
        "Categoria_Scraping": "frigorificos",
        "Nome": "Ravioli 4 Queijos",
        "Marca": "Rana",
        "Preco": 3.49,
        "Unidade_Info": "0.25 Kg | 13,96 €/Kg",
        "Categorias_GTM": "Frigorífico, Massas e Outros, Categoria Referência SFCC",
        "Data_Coleta": "2025-06-01 02:00:09"
    },
    {
        "ID_Produto": "808422",
        "Categoria_Scraping": "frigorificos",
        "Nome": "Ravioli de Abóbora e Cebola Caramelizada",
        "Marca": "Rana",
        "Preco": 3.79,
        "Unidade_Info": "0.25 Kg | 15,16 €/Kg",
        "Categorias_GTM": "Frigorífico, Massas e Outros, Categoria Referência SFCC",
        "Data_Coleta": "2025-06-01 02:00:09"
    },
    {
        "ID_Produto": "836902",
        "Categoria_Scraping": "frigorificos",
        "Nome": "Ravioli de Frango Assado com Alecrim",
        "Marca": "Rana",
        "Preco": 3.49,
        "Unidade_Info": "0.25 Kg | 13,96 €/Kg",
        "Categorias_GTM": "Categoria Referência SFCC, Frigorífico, Massas e Outros",
        "Data_Coleta": "2025-06-01 02:00:09"
    },
    {
        "ID_Produto": "808421",
        "Categoria_Scraping": "frigorificos",
        "Nome": "Ravioli  Fiambre e Queijo",
        "Marca": "Rana",
        "Preco": 3.49,
        "Unidade_Info": "0.25 Kg | 13,96 €/Kg",
        "Categorias_GTM": "Categoria Referência SFCC, Frigorífico, Massas e Outros",
        "Data_Coleta": "2025-06-01 02:00:09"
    },
    {
        "ID_Produto": "773068",
        "Categoria_Scraping": "frigorificos",
        "Nome": "Ravioli Fresco de Bolonhesa",
        "Marca": "Rana",
        "Preco": 3.49,
        "Unidade_Info": "0.25 Kg | 13,96 €/Kg",
        "Categorias_GTM": "Frigorífico, Massas e Outros, Categoria Referência SFCC",
        "Data_Coleta": "2025-06-01 02:00:09"
    },
    {
        "ID_Produto": "808424",
        "Categoria_Scraping": "frigorificos",
        "Nome": "Ravioli Gourmet Queijo de Cabra e Cebola Caramelizada",
        "Marca": "Rana",
        "Preco": 3.99,
        "Unidade_Info": "0.25 Kg | 15,96 €/Kg",
        "Categorias_GTM": "Categoria Referência SFCC, Frigorífico, Massas e Outros",
        "Data_Coleta": "2025-06-01 02:00:09"
    },
    {
        "ID_Produto": "839128",
        "Categoria_Scraping": "frigorificos",
        "Nome": "Requeijão Cabra Santiago",
        "Marca": "Santiago",
        "Preco": 2.48,
        "Unidade_Info": "0.17 Kg | 14,59 €/Kg",
        "Categorias_GTM": "Fresco e Requeijão, Frigorífico, Queijo, Categoria Referência SFCC",
        "Data_Coleta": "2025-06-01 02:00:09"
    },
    {
        "ID_Produto": "826924",
        "Categoria_Scraping": "frigorificos",
        "Nome": "Requeijão de Ovelha de Seia",
        "Marca": "Pingo Doce",
        "Preco": 2.07,
        "Unidade_Info": "0.26 Kg | 7,96 €/Kg",
        "Categorias_GTM": "As Nossas Marcas, Pingo Doce, Categoria Referência SFCC, Fresco e Requeijão, Frigorífico",
        "Data_Coleta": "2025-06-01 02:00:09"
    },
    {
        "ID_Produto": "951766",
        "Categoria_Scraping": "frigorificos",
        "Nome": "Sobremesa Láctea Sabor a Baunilha",
        "Marca": "Pingo Doce",
        "Preco": 1.49,
        "Unidade_Info": "0.5 Kg | 2,98 €/Kg",
        "Categorias_GTM": "Frigorífico, Sobremesas, As Nossas Marcas, Pingo Doce, Categoria Referência SFCC",
        "Data_Coleta": "2025-06-01 02:00:09"
    },
    {
        "ID_Produto": "951767",
        "Categoria_Scraping": "frigorificos",
        "Nome": "Sobremesa Láctea Sabor a Chocolate",
        "Marca": "Pingo Doce",
        "Preco": 1.69,
        "Unidade_Info": "0.5 Kg | 3,38 €/Kg",
        "Categorias_GTM": "As Nossas Marcas, Pingo Doce, Categoria Referência SFCC, Frigorífico, Sobremesas",
        "Data_Coleta": "2025-06-01 02:00:09"
    },
    {
        "ID_Produto": "957199",
        "Categoria_Scraping": "frigorificos",
        "Nome": "Tofu Biológico",
        "Marca": "Biológico",
        "Preco": 1.49,
        "Unidade_Info": "0.25 Kg | 5,96 €/Kg",
        "Categorias_GTM": "As Nossas Marcas, Biológico, Categoria Referência SFCC, Frigorífico, Refeições",
        "Data_Coleta": "2025-06-01 02:00:09"
    },
    {
        "ID_Produto": "808420",
        "Categoria_Scraping": "frigorificos",
        "Nome": "Tortellini Atum e Tomate",
        "Marca": "Rana",
        "Preco": 3.49,
        "Unidade_Info": "0.25 Kg | 13,96 €/Kg",
        "Categorias_GTM": "Categoria Referência SFCC, Frigorífico, Massas e Outros",
        "Data_Coleta": "2025-06-01 02:00:09"
    },
    {
        "ID_Produto": "860830",
        "Categoria_Scraping": "frigorificos",
        "Nome": "Yofu Soja Manga sem Açúcar",
        "Marca": "Alpro",
        "Preco": 2.54,
        "Unidade_Info": "0.4 Kg | 6,35 €/Kg",
        "Categorias_GTM": "Alternativas Vegetais, Frigorífico, Iogurtes, Categoria Referência SFCC, Poupe Esta Semana",
        "Data_Coleta": "2025-06-01 02:00:17"
    },
    {
        "ID_Produto": "473047008",
        "Categoria_Scraping": "frigorificos",
        "Nome": "Yofu Soja Pedaços Mirtilo Pack 4",
        "Marca": "Alpro",
        "Preco": 2.54,
        "Unidade_Info": "0.5 Kg | 5,08 €/Kg",
        "Categorias_GTM": "Categoria Referência SFCC, Alternativas Vegetais, Iogurtes, Frigorífico, Poupe Esta Semana",
        "Data_Coleta": "2025-06-01 02:00:17"
    },
    {
        "ID_Produto": "720957",
        "Categoria_Scraping": "frigorificos",
        "Nome": "Banha de Porco",
        "Marca": "Pingo Doce",
        "Preco": 0.89,
        "Unidade_Info": "0.23 Kg | 3,87 €/Kg",
        "Categorias_GTM": "Categoria Referência SFCC, Frigorífico, Manteigas e Cremes para Barrar, As Nossas Marcas, Pingo Doce",
        "Data_Coleta": "2025-06-01 02:00:17"
    },
    {
        "ID_Produto": "598142",
        "Categoria_Scraping": "frigorificos",
        "Nome": "Chickenburguers",
        "Marca": "Pingo Doce",
        "Preco": 2.69,
        "Unidade_Info": "0.27 Kg | 9,96 €/Kg",
        "Categorias_GTM": "As Nossas Marcas, Pingo Doce, Categoria Referência SFCC, Frigorífico, Refeições",
        "Data_Coleta": "2025-06-01 02:00:17"
    },
    {
        "ID_Produto": "982566",
        "Categoria_Scraping": "frigorificos",
        "Nome": "Gelatina Proteico Frutos Vermelhos",
        "Marca": "Go Active",
        "Preco": 1.75,
        "Unidade_Info": "0.4 Kg | 4,38 €/Kg",
        "Categorias_GTM": "As Nossas Marcas, Go Active, Frigorífico, Sobremesas, Categoria Referência SFCC",
        "Data_Coleta": "2025-06-01 02:00:17"
    },
    {
        "ID_Produto": "822717",
        "Categoria_Scraping": "frigorificos",
        "Nome": "Iogurte Bicompartimentado Chocolocos",
        "Marca": "Pingo Doce",
        "Preco": 0.58,
        "Unidade_Info": "0.128 Kg | 4,53 €/Kg",
        "Categorias_GTM": "As Nossas Marcas, Pingo Doce, Frigorífico, Infantis, Iogurtes",
        "Data_Coleta": "2025-06-01 02:00:17"
    },
    {
        "ID_Produto": "976849",
        "Categoria_Scraping": "frigorificos",
        "Nome": "Iogurte Bifidus Pedaços Pêssego sem Lactose",
        "Marca": "Pingo Doce",
        "Preco": 0.48,
        "Unidade_Info": "0.12 Kg | 4 €/Kg",
        "Categorias_GTM": "As Nossas Marcas, Pingo Doce, Aromas e Tradicionais, Frigorífico, Iogurtes",
        "Data_Coleta": "2025-06-01 02:00:17"
    },
    {
        "ID_Produto": "297183",
        "Categoria_Scraping": "frigorificos",
        "Nome": "Iogurte com Pedaços de Ananás",
        "Marca": "Pingo Doce",
        "Preco": 0.28,
        "Unidade_Info": "0.125 Kg | 2,24 €/Kg",
        "Categorias_GTM": "Pedaços e Mix-in, As Nossas Marcas, Pingo Doce, Frigorífico, Iogurtes",
        "Data_Coleta": "2025-06-01 02:00:17"
    },
    {
        "ID_Produto": "441633",
        "Categoria_Scraping": "frigorificos",
        "Nome": "Iogurte com Pedaços e Cereais",
        "Marca": "Pingo Doce",
        "Preco": 0.28,
        "Unidade_Info": "0.125 Kg | 2,24 €/Kg",
        "Categorias_GTM": "Frigorífico, Iogurtes, Pedaços e Mix-in, Categoria Referência SFCC, As Nossas Marcas",
        "Data_Coleta": "2025-06-01 02:00:17"
    },
    {
        "ID_Produto": "977632",
        "Categoria_Scraping": "frigorificos",
        "Nome": "Iogurte Cremoso Morango",
        "Marca": "Pingo Doce",
        "Preco": 2.19,
        "Unidade_Info": "1 Kg | 2,19 €/Kg",
        "Categorias_GTM": "As Nossas Marcas, Pingo Doce, Aromas e Tradicionais, Frigorífico, Iogurtes",
        "Data_Coleta": "2025-06-01 02:00:17"
    },
    {
        "ID_Produto": "977630",
        "Categoria_Scraping": "frigorificos",
        "Nome": "Iogurte Cremoso Pêssego e Maracujá",
        "Marca": "Pingo Doce",
        "Preco": 2.19,
        "Unidade_Info": "1 Kg | 2,19 €/Kg",
        "Categorias_GTM": "As Nossas Marcas, Pingo Doce, Aromas e Tradicionais, Frigorífico, Iogurtes",
        "Data_Coleta": "2025-06-01 02:00:17"
    },
    {
        "ID_Produto": "986444",
        "Categoria_Scraping": "frigorificos",
        "Nome": "Iogurte Líquido Ananás e Coco Pack 4",
        "Marca": "Pingo Doce",
        "Preco": 1.43,
        "Unidade_Info": "4 x0.17 Kg | 2,1 €/Kg",
        "Categorias_GTM": "Frigorífico, Iogurtes, Líquidos, As Nossas Marcas, Pingo Doce",
        "Data_Coleta": "2025-06-01 02:00:17"
    },
    {
        "ID_Produto": "977576",
        "Categoria_Scraping": "frigorificos",
        "Nome": "Iogurte Líquido Cremoso Café Pack 4",
        "Marca": "Pingo Doce",
        "Preco": 1.43,
        "Unidade_Info": "4 x0.171 Kg | 2,09 €/Kg",
        "Categorias_GTM": "As Nossas Marcas, Pingo Doce, Frigorífico, Iogurtes, Líquidos",
        "Data_Coleta": "2025-06-01 02:00:25"
    },
    {
        "ID_Produto": "985085",
        "Categoria_Scraping": "frigorificos",
        "Nome": "Iogurte Líquido Proteína Coco Pack 4",
        "Marca": "Go Active",
        "Preco": 2.69,
        "Unidade_Info": "4 x0.17 Kg | 3,96 €/Kg",
        "Categorias_GTM": "As Nossas Marcas, Go Active, Frigorífico, Iogurtes, Proteicos",
        "Data_Coleta": "2025-06-01 02:00:25"
    },
    {
        "ID_Produto": "977578",
        "Categoria_Scraping": "frigorificos",
        "Nome": "Iogurte Magro Coco sem Lactose",
        "Marca": "Pingo Doce",
        "Preco": 0.49,
        "Unidade_Info": "0.12 Kg | 4,08 €/Kg",
        "Categorias_GTM": "As Nossas Marcas, Pingo Doce, Aromas e Tradicionais, Frigorífico, Iogurtes",
        "Data_Coleta": "2025-06-01 02:00:25"
    },
    {
        "ID_Produto": "972042",
        "Categoria_Scraping": "frigorificos",
        "Nome": "Iogurte Magro Natural sem Lactose",
        "Marca": "Pingo Doce",
        "Preco": 0.32,
        "Unidade_Info": "0.125 Kg | 2,56 €/Kg",
        "Categorias_GTM": "Aromas e Tradicionais, Frigorífico, Iogurtes, As Nossas Marcas, Pingo Doce",
        "Data_Coleta": "2025-06-01 02:00:25"
    },
    {
        "ID_Produto": "956783",
        "Categoria_Scraping": "frigorificos",
        "Nome": "Iogurte Magro Pedaços Cereais",
        "Marca": "Pingo Doce",
        "Preco": 0.36,
        "Unidade_Info": "0.125 Kg | 2,88 €/Kg",
        "Categorias_GTM": "Categoria Referência SFCC, As Nossas Marcas, Pingo Doce, Frigorífico, Iogurtes",
        "Data_Coleta": "2025-06-01 02:00:25"
    },
    {
        "ID_Produto": "864184",
        "Categoria_Scraping": "frigorificos",
        "Nome": "Iogurte Natural",
        "Marca": "Biológico",
        "Preco": 0.38,
        "Unidade_Info": "0.15 Kg | 2,53 €/Kg",
        "Categorias_GTM": "As Nossas Marcas, Biológico, Frigorífico, Iogurtes, Categoria Referência SFCC",
        "Data_Coleta": "2025-06-01 02:00:25"
    },
    {
        "ID_Produto": "986446",
        "Categoria_Scraping": "frigorificos",
        "Nome": "Iogurte Proteína Coco",
        "Marca": "Go Active",
        "Preco": 1.29,
        "Unidade_Info": "0.3 Kg | 4,3 €/Kg",
        "Categorias_GTM": "As Nossas Marcas, Go Active, Frigorífico, Iogurtes, Proteicos",
        "Data_Coleta": "2025-06-01 02:00:25"
    },
    {
        "ID_Produto": "986448",
        "Categoria_Scraping": "frigorificos",
        "Nome": "Iogurte Protéina Mirtilo",
        "Marca": "Go Active",
        "Preco": 1.29,
        "Unidade_Info": "0.3 Kg | 4,3 €/Kg",
        "Categorias_GTM": "As Nossas Marcas, Go Active, Frigorífico, Iogurtes, Proteicos",
        "Data_Coleta": "2025-06-01 02:00:25"
    },
    {
        "ID_Produto": "986449",
        "Categoria_Scraping": "frigorificos",
        "Nome": "Iogurte Proteína Pêssego e Maracujá",
        "Marca": "Go Active",
        "Preco": 1.29,
        "Unidade_Info": "0.3 Kg | 4,3 €/Kg",
        "Categorias_GTM": "As Nossas Marcas, Go Active, Frigorífico, Iogurtes, Proteicos",
        "Data_Coleta": "2025-06-01 02:00:25"
    },
    {
        "ID_Produto": "765757",
        "Categoria_Scraping": "frigorificos",
        "Nome": "Massa Filo",
        "Marca": "Pingo Doce",
        "Preco": 1.99,
        "Unidade_Info": "0.25 Kg | 7,96 €/Kg",
        "Categorias_GTM": "Frigorífico, Massas e Outros, Categoria Referência SFCC, As Nossas Marcas, Pingo Doce",
        "Data_Coleta": "2025-06-01 02:00:25"
    },
    {
        "ID_Produto": "973873",
        "Categoria_Scraping": "frigorificos",
        "Nome": "Massa Folhada sem Glútén",
        "Marca": "Pingo Doce",
        "Preco": 2.59,
        "Unidade_Info": "0.28 Kg | 9,25 €/Kg",
        "Categorias_GTM": "Frigorífico, Massas e Outros, As Nossas Marcas, Pingo Doce, Categoria Referência SFCC",
        "Data_Coleta": "2025-06-01 02:00:25"
    },
    {
        "ID_Produto": "967352",
        "Categoria_Scraping": "frigorificos",
        "Nome": "Papa de Aveia com Manteiga de Amêndoa",
        "Marca": "Pingo Doce",
        "Preco": 1.49,
        "Unidade_Info": "0.125 Kg | 11,92 €/Kg",
        "Categorias_GTM": "Frigorífico, Refeições, As Nossas Marcas, Pingo Doce, Categoria Referência SFCC",
        "Data_Coleta": "2025-06-01 02:00:25"
    },
    {
        "ID_Produto": "967351",
        "Categoria_Scraping": "frigorificos",
        "Nome": "Pudim de Chia e Manga",
        "Marca": "Pingo Doce",
        "Preco": 1.29,
        "Unidade_Info": "0.125 Kg | 10,32 €/Kg",
        "Categorias_GTM": "As Nossas Marcas, Pingo Doce, Frigorífico, Categoria Referência SFCC",
        "Data_Coleta": "2025-06-01 02:00:34"
    },
    {
        "ID_Produto": "591396",
        "Categoria_Scraping": "frigorificos",
        "Nome": "Pudim Flan Instantâneo",
        "Marca": "Pingo Doce",
        "Preco": 1.59,
        "Unidade_Info": "0.4 Kg | 3,98 €/Kg",
        "Categorias_GTM": "Categoria Referência SFCC, Frigorífico, Sobremesas, As Nossas Marcas, Pingo Doce",
        "Data_Coleta": "2025-06-01 02:00:34"
    },
    {
        "ID_Produto": "954413",
        "Categoria_Scraping": "frigorificos",
        "Nome": "Queijo Corgonzola",
        "Marca": "Pingo Doce Iguarias",
        "Preco": 1.85,
        "Unidade_Info": "0.15 Kg | 12,33 €/Kg",
        "Categorias_GTM": "As Nossas Iguarias, As Nossas Marcas, Categoria Referência SFCC, Estrangeiro, Frigorífico",
        "Data_Coleta": "2025-06-01 02:00:34"
    },
    {
        "ID_Produto": "874811",
        "Categoria_Scraping": "frigorificos",
        "Nome": "Queijo Curado de Cabra Beira Alta",
        "Marca": "Pingo Doce",
        "Preco": 4.39,
        "Unidade_Info": "0.2 Kg | 21,95 €/Kg",
        "Categorias_GTM": "Frigorífico, Nacional, Queijo, As Nossas Marcas, Pingo Doce",
        "Data_Coleta": "2025-06-01 02:00:34"
    },
    {
        "ID_Produto": "984645",
        "Categoria_Scraping": "frigorificos",
        "Nome": "Queijo Curado Real Fatiado",
        "Marca": "Pingo Doce",
        "Preco": 1.59,
        "Unidade_Info": "0.135 Kg | 11,78 €/Kg",
        "Categorias_GTM": "As Nossas Marcas, Pingo Doce, Fatiado e Bola, Frigorífico, Queijo",
        "Data_Coleta": "2025-06-01 02:00:34"
    },
    {
        "ID_Produto": "874836",
        "Categoria_Scraping": "frigorificos",
        "Nome": "Queijo da Beira Baixa DOP Amarelo",
        "Marca": "Pingo Doce Iguarias",
        "Preco": 8.25,
        "Unidade_Info": "0.4 Kg | 20,63 €/Kg",
        "Categorias_GTM": "Frigorífico, Nacional, Queijo, As Nossas Iguarias, As Nossas Marcas",
        "Data_Coleta": "2025-06-01 02:00:34"
    },
    {
        "ID_Produto": "977365",
        "Categoria_Scraping": "frigorificos",
        "Nome": "Queijo da Ilha Fatiado",
        "Marca": "Pingo Doce",
        "Preco": 2.19,
        "Unidade_Info": "0.2 Kg | 10,95 €/Kg",
        "Categorias_GTM": "As Nossas Marcas, Pingo Doce, Fatiado e Bola, Frigorífico, Queijo",
        "Data_Coleta": "2025-06-01 02:00:34"
    },
    {
        "ID_Produto": "856640",
        "Categoria_Scraping": "frigorificos",
        "Nome": "Queijo de Azeitão DOP",
        "Marca": "Pingo Doce Iguarias",
        "Preco": 6.89,
        "Unidade_Info": "0.25 Kg | 27,56 €/Kg",
        "Categorias_GTM": "Frigorífico, Nacional, As Nossas Iguarias, As Nossas Marcas, Categoria Referência SFCC",
        "Data_Coleta": "2025-06-01 02:00:34"
    },
    {
        "ID_Produto": "671242",
        "Categoria_Scraping": "frigorificos",
        "Nome": "Queijo de Cabra Curado",
        "Marca": "Pingo Doce",
        "Preco": 4.23,
        "Unidade_Info": "0.2 Kg | 21,15 €/Kg",
        "Categorias_GTM": "Categoria Referência SFCC, Frigorífico, Nacional, Queijo, As Nossas Marcas",
        "Data_Coleta": "2025-06-01 02:00:34"
    },
    {
        "ID_Produto": "697768",
        "Categoria_Scraping": "frigorificos",
        "Nome": "Queijo de Cabra Curado Serra da Gardunha",
        "Marca": "Pingo Doce",
        "Preco": 6.34,
        "Unidade_Info": "0.3 Kg | 21,13 €/Kg",
        "Categorias_GTM": "As Nossas Marcas, Pingo Doce, Categoria Referência SFCC, Frigorífico, Nacional",
        "Data_Coleta": "2025-06-01 02:00:34"
    },
    {
        "ID_Produto": "875256",
        "Categoria_Scraping": "frigorificos",
        "Nome": "Queijo de Mistura Curado",
        "Marca": "Pingo Doce",
        "Preco": 5.68,
        "Unidade_Info": "0.5 Kg | 11,36 €/Kg",
        "Categorias_GTM": "As Nossas Marcas, Pingo Doce, Fatiado e Bola, Frigorífico, Queijo",
        "Data_Coleta": "2025-06-01 02:00:34"
    },
    {
        "ID_Produto": "690332",
        "Categoria_Scraping": "frigorificos",
        "Nome": "Queijo de Mistura Regional",
        "Marca": "Pingo Doce",
        "Preco": 2.49,
        "Unidade_Info": "0.19 Kg | 13,11 €/Kg",
        "Categorias_GTM": "As Nossas Marcas, Pingo Doce, Categoria Referência SFCC, Frigorífico, Nacional",
        "Data_Coleta": "2025-06-01 02:00:34"
    },
    {
        "ID_Produto": "961864",
        "Categoria_Scraping": "frigorificos",
        "Nome": "Queijo de Ovelha",
        "Marca": "Pingo Doce",
        "Preco": 3.98,
        "Unidade_Info": "0.2 Kg | 19,9 €/Kg",
        "Categorias_GTM": "As Nossas Marcas, Pingo Doce, Frigorífico, Nacional, Queijo",
        "Data_Coleta": "2025-06-01 02:00:42"
    },
    {
        "ID_Produto": "957114",
        "Categoria_Scraping": "frigorificos",
        "Nome": "Queijo de Ovelha Amanteigado",
        "Marca": "Pingo Doce",
        "Preco": 5.99,
        "Unidade_Info": "0.3 Kg | 19,97 €/Kg",
        "Categorias_GTM": "Categoria Referência SFCC, As Nossas Marcas, Pingo Doce, Frigorífico, Nacional",
        "Data_Coleta": "2025-06-01 02:00:42"
    },
    {
        "ID_Produto": "56170",
        "Categoria_Scraping": "frigorificos",
        "Nome": "Queijo de Ovelha Amanteigado de Seia Grande Pingo Doce",
        "Marca": "Pingo Doce",
        "Preco": 17.99,
        "Unidade_Info": "1.05 Kg",
        "Categorias_GTM": "Frigorífico, Nacional, Queijo, Categoria Referência SFCC, As Nossas Marcas",
        "Data_Coleta": "2025-06-01 02:00:42"
    },
    {
        "ID_Produto": "766266",
        "Categoria_Scraping": "frigorificos",
        "Nome": "Queijo de Ovelha Amanteigado Serra da Arrábida",
        "Marca": "Pingo Doce",
        "Preco": 5.29,
        "Unidade_Info": "0.25 Kg | 21,16 €/Kg",
        "Categorias_GTM": "Categoria Referência SFCC, As Nossas Marcas, Pingo Doce, Frigorífico, Nacional",
        "Data_Coleta": "2025-06-01 02:00:42"
    },
    {
        "ID_Produto": "899727",
        "Categoria_Scraping": "frigorificos",
        "Nome": "Queijo de Ovelha com Trufa Negra Iguarias",
        "Marca": "Pingo Doce Iguarias",
        "Preco": 4.48,
        "Unidade_Info": "0.2 Kg | 22,4 €/Kg",
        "Categorias_GTM": "Estrangeiro, Frigorífico, Queijo, As Nossas Iguarias, As Nossas Marcas",
        "Data_Coleta": "2025-06-01 02:00:42"
    },
    {
        "ID_Produto": "326354",
        "Categoria_Scraping": "frigorificos",
        "Nome": "Queijo de Ovelha Curado Barrado Seco",
        "Marca": "Pingo Doce",
        "Preco": 19.69,
        "Unidade_Info": "1.05 Kg",
        "Categorias_GTM": "Frigorífico, Nacional, Queijo, Categoria Referência SFCC, As Nossas Marcas",
        "Data_Coleta": "2025-06-01 02:00:42"
    },
    {
        "ID_Produto": "961865",
        "Categoria_Scraping": "frigorificos",
        "Nome": "Queijo de Ovelha Nisa DOP",
        "Marca": "Pingo Doce Iguarias",
        "Preco": 4.94,
        "Unidade_Info": "0.2 Kg | 24,7 €/Kg",
        "Categorias_GTM": "As Nossas Iguarias, As Nossas Marcas, Frigorífico, Nacional, Queijo",
        "Data_Coleta": "2025-06-01 02:00:42"
    },
    {
        "ID_Produto": "804027",
        "Categoria_Scraping": "frigorificos",
        "Nome": "Queijo de Prato Meio Gordo",
        "Marca": "Pingo Doce",
        "Preco": 4.79,
        "Unidade_Info": "0.5 Kg | 9,58 €/Kg",
        "Categorias_GTM": "As Nossas Marcas, Pingo Doce, Fatiado e Bola, Frigorífico, Queijo",
        "Data_Coleta": "2025-06-01 02:00:42"
    },
    {
        "ID_Produto": "917618",
        "Categoria_Scraping": "frigorificos",
        "Nome": "Queijo de Vaca Curado Barrado com Pimentão",
        "Marca": "Pingo Doce",
        "Preco": 5.28,
        "Unidade_Info": "0.5 Kg | 10,56 €/Kg",
        "Categorias_GTM": "Fatiado e Bola, Frigorífico, Queijo, As Nossas Marcas, Pingo Doce",
        "Data_Coleta": "2025-06-01 02:00:42"
    },
    {
        "ID_Produto": "980587",
        "Categoria_Scraping": "frigorificos",
        "Nome": "Queijo Fresco de Cabra",
        "Marca": "Pingo Doce",
        "Preco": 2.09,
        "Unidade_Info": "0.125 Kg | 16,72 €/Kg",
        "Categorias_GTM": "As Nossas Marcas, Pingo Doce, Fresco e Requeijão, Frigorífico, Queijo",
        "Data_Coleta": "2025-06-01 02:00:42"
    },
    {
        "ID_Produto": "889017",
        "Categoria_Scraping": "frigorificos",
        "Nome": "Queijo Fresco Light",
        "Marca": "Pingo Doce",
        "Preco": 1.15,
        "Unidade_Info": "0.2 Kg | 5,75 €/Kg",
        "Categorias_GTM": "As Nossas Marcas, Pingo Doce, Fresco e Requeijão, Frigorífico, Queijo",
        "Data_Coleta": "2025-06-01 02:00:42"
    },
    {
        "ID_Produto": "984646",
        "Categoria_Scraping": "frigorificos",
        "Nome": "Queijo Fumado Fatiado",
        "Marca": "Pingo Doce",
        "Preco": 2.99,
        "Unidade_Info": "0.3 Kg | 9,97 €/Kg",
        "Categorias_GTM": "As Nossas Marcas, Pingo Doce, Fatiado e Bola, Frigorífico, Queijo",
        "Data_Coleta": "2025-06-01 02:00:42"
    },
    {
        "ID_Produto": "979922",
        "Categoria_Scraping": "frigorificos",
        "Nome": "Queijo Fundido para Barrar com Trunfa",
        "Marca": "Pingo Doce",
        "Preco": 2.99,
        "Unidade_Info": "0.125 Kg | 23,92 €/Kg",
        "Categorias_GTM": "As Nossas Marcas, Pingo Doce, Para Barrar, Frigorífico, Queijo",
        "Data_Coleta": "2025-06-01 02:00:51"
    },
    {
        "ID_Produto": "56168",
        "Categoria_Scraping": "frigorificos",
        "Nome": "Queijo Ovelha Amanteigado Seia Médio Pingo Doce",
        "Marca": "Pingo Doce",
        "Preco": 17.99,
        "Unidade_Info": "0.55 Kg",
        "Categorias_GTM": "As Nossas Marcas, Pingo Doce, Categoria Referência SFCC, Frigorífico, Nacional",
        "Data_Coleta": "2025-06-01 02:00:51"
    },
    {
        "ID_Produto": "977363",
        "Categoria_Scraping": "frigorificos",
        "Nome": "Queijo para Saladas",
        "Marca": "Pingo Doce",
        "Preco": 1.74,
        "Unidade_Info": "0.25 Kg | 6,96 €/Kg",
        "Categorias_GTM": "As Nossas Marcas, Pingo Doce, Estrangeiro, Queijo, Frigorífico",
        "Data_Coleta": "2025-06-01 02:00:51"
    },
    {
        "ID_Produto": "874837",
        "Categoria_Scraping": "frigorificos",
        "Nome": "Queijo Picante da Beira Baixa DOP",
        "Marca": "Pingo Doce Iguarias",
        "Preco": 4.65,
        "Unidade_Info": "0.175 Kg | 26,57 €/Kg",
        "Categorias_GTM": "Frigorífico, Nacional, Queijo, As Nossas Iguarias, As Nossas Marcas",
        "Data_Coleta": "2025-06-01 02:00:51"
    },
    {
        "ID_Produto": "986010",
        "Categoria_Scraping": "frigorificos",
        "Nome": "Queijo Ricotta",
        "Marca": "Pingo Doce",
        "Preco": 1.69,
        "Unidade_Info": "0.25 Kg | 6,76 €/Kg",
        "Categorias_GTM": "As Nossas Marcas, Pingo Doce, Estrangeiro, Frigorífico, Queijo",
        "Data_Coleta": "2025-06-01 02:00:51"
    },
    {
        "ID_Produto": "836592",
        "Categoria_Scraping": "frigorificos",
        "Nome": "Queijo Roquefort DOP",
        "Marca": "Pingo Doce Iguarias",
        "Preco": 1.89,
        "Unidade_Info": "0.1 Kg | 18,9 €/Kg",
        "Categorias_GTM": "As Nossas Iguarias, As Nossas Marcas, Categoria Referência SFCC, Estrangeiro, Frigorífico",
        "Data_Coleta": "2025-06-01 02:00:51"
    },
    {
        "ID_Produto": "874835",
        "Categoria_Scraping": "frigorificos",
        "Nome": "Queijo Serra da Estrela DOP",
        "Marca": "Pingo Doce Iguarias",
        "Preco": 14.38,
        "Unidade_Info": "0.515 Kg | 27,92 €/Kg",
        "Categorias_GTM": "As Nossas Iguarias, As Nossas Marcas, Categoria Referência SFCC, Frigorífico, Nacional",
        "Data_Coleta": "2025-06-01 02:00:51"
    },
    {
        "ID_Produto": "879867",
        "Categoria_Scraping": "frigorificos",
        "Nome": "Requeijão de Ovelha e Cabra",
        "Marca": "Pingo Doce",
        "Preco": 1.99,
        "Unidade_Info": "0.2 Kg | 9,95 €/Kg",
        "Categorias_GTM": "Fresco e Requeijão, Frigorífico, As Nossas Marcas, Pingo Doce, Categoria Referência SFCC",
        "Data_Coleta": "2025-06-01 02:00:51"
    },
    {
        "ID_Produto": "766468",
        "Categoria_Scraping": "frigorificos",
        "Nome": "Requeijão de Vaca",
        "Marca": "Pingo Doce",
        "Preco": 0.97,
        "Unidade_Info": "0.17 Kg | 5,71 €/Kg",
        "Categorias_GTM": "Fresco e Requeijão, Frigorífico, Queijo, Categoria Referência SFCC, As Nossas Marcas",
        "Data_Coleta": "2025-06-01 02:00:51"
    },
    {
        "ID_Produto": "983981",
        "Categoria_Scraping": "frigorificos",
        "Nome": "Rosa de Bacon e Queijo",
        "Marca": "Take Away",
        "Preco": 3.49,
        "Unidade_Info": "0.475 Kg | 7,35 €/Kg",
        "Categorias_GTM": "Frigorífico, Refeições, Categoria Referência SFCC",
        "Data_Coleta": "2025-06-01 02:00:51"
    },
    {
        "ID_Produto": "986450",
        "Categoria_Scraping": "frigorificos",
        "Nome": "Sobremesa Proteico Chocolate e Nata",
        "Marca": "Go Active",
        "Preco": 1.29,
        "Unidade_Info": "0.17 Kg | 7,59 €/Kg",
        "Categorias_GTM": "As Nossas Marcas, Go Active, Frigorífico, Sobremesas, Categoria Referência SFCC",
        "Data_Coleta": "2025-06-01 02:00:51"
    },
    {
        "ID_Produto": "959285",
        "Categoria_Scraping": "frigorificos",
        "Nome": "Sopa Gaspacho Fria",
        "Marca": "Pingo Doce",
        "Preco": 1.89,
        "Unidade_Info": "1 L | 1,89 €/L",
        "Categorias_GTM": "As Nossas Marcas, Pingo Doce, Frigorífico, Massas e Outros, Categoria Referência SFCC",
        "Data_Coleta": "2025-06-01 02:00:51"
    },
    {
        "ID_Produto": "591393",
        "Categoria_Scraping": "frigorificos",
        "Nome": "Touchinho do Céu",
        "Marca": "Pingo Doce",
        "Preco": 1.19,
        "Unidade_Info": "0.2 Kg | 5,95 €/Kg",
        "Categorias_GTM": "Categoria Referência SFCC, Frigorífico, Sobremesas, As Nossas Marcas, Pingo Doce",
        "Data_Coleta": "2025-06-01 02:00:59"
    },
    {
        "ID_Produto": "968725",
        "Categoria_Scraping": "frigorificos",
        "Nome": "Bocados Mediterrâneos de Proteína Vegetal",
        "Marca": "Heura",
        "Preco": 4.49,
        "Unidade_Info": "0.16 Kg | 28,06 €/Kg",
        "Categorias_GTM": "Frigorífico, Refeições, Categoria Referência SFCC",
        "Data_Coleta": "2025-06-01 02:00:59"
    },
    {
        "ID_Produto": "470042",
        "Categoria_Scraping": "frigorificos",
        "Nome": "Creme de Barrar Soja",
        "Marca": "Alpro",
        "Preco": 3.89,
        "Unidade_Info": "0.5 Kg | 7,78 €/Kg",
        "Categorias_GTM": "Frigorífico, Manteigas e Cremes para Barrar, Categoria Referência SFCC",
        "Data_Coleta": "2025-06-01 02:00:59"
    },
    {
        "ID_Produto": "972335",
        "Categoria_Scraping": "frigorificos",
        "Nome": "Creme Vegetal",
        "Marca": "Vaqueiro",
        "Preco": 1.99,
        "Unidade_Info": "0.5 Kg | 3,98 €/Kg",
        "Categorias_GTM": "Frigorífico, Manteigas e Cremes para Barrar, Categoria Referência SFCC, Poupe Este Fim De Semana, Poupe Esta Semana",
        "Data_Coleta": "2025-06-01 02:00:59"
    },
    {
        "ID_Produto": "947028",
        "Categoria_Scraping": "frigorificos",
        "Nome": "Creme Vegetal",
        "Marca": "Becel",
        "Preco": 1.99,
        "Unidade_Info": "0.225 Kg | 8,84 €/Kg",
        "Categorias_GTM": "Frigorífico, Manteigas e Cremes para Barrar, Categoria Referência SFCC, Poupe Esta Semana, Promoções",
        "Data_Coleta": "2025-06-01 02:00:59"
    },
    {
        "ID_Produto": "948534",
        "Categoria_Scraping": "frigorificos",
        "Nome": "Creme Vegetal",
        "Marca": "Flora",
        "Preco": 2.99,
        "Unidade_Info": "0.4 Kg | 7,48 €/Kg",
        "Categorias_GTM": "Categoria Referência SFCC, Frigorífico, Manteigas e Cremes para Barrar",
        "Data_Coleta": "2025-06-01 02:00:59"
    },
    {
        "ID_Produto": "947026",
        "Categoria_Scraping": "frigorificos",
        "Nome": "Creme Vegetal",
        "Marca": "Planta",
        "Preco": 1.79,
        "Unidade_Info": "0.225 Kg | 7,96 €/Kg",
        "Categorias_GTM": "Frigorífico, Manteigas e Cremes para Barrar, Categoria Referência SFCC, Poupe Este Fim De Semana, Poupe Esta Semana",
        "Data_Coleta": "2025-06-01 02:00:59"
    },
    {
        "ID_Produto": "990449",
        "Categoria_Scraping": "frigorificos",
        "Nome": "Creme Vegetal Culinário",
        "Marca": "Vaqueiro",
        "Preco": 1.85,
        "Unidade_Info": "0.25 Kg | 7,4 €/Kg",
        "Categorias_GTM": "Frigorífico, Manteigas e Cremes para Barrar, Categoria Referência SFCC",
        "Data_Coleta": "2025-06-01 02:00:59"
    },
    {
        "ID_Produto": "730710",
        "Categoria_Scraping": "frigorificos",
        "Nome": "Creme Vegetal de Soja para Barrar",
        "Marca": "Alpro",
        "Preco": 1.89,
        "Unidade_Info": "0.225 Kg | 8,4 €/Kg",
        "Categorias_GTM": "Categoria Referência SFCC, Frigorífico, Manteigas e Cremes para Barrar",
        "Data_Coleta": "2025-06-01 02:00:59"
    },
    {
        "ID_Produto": "976167",
        "Categoria_Scraping": "frigorificos",
        "Nome": "Creme Vegetal Líquido",
        "Marca": "Becel",
        "Preco": 2.99,
        "Unidade_Info": "0.5 L | 5,98 €/L",
        "Categorias_GTM": "Frigorífico, Manteigas e Cremes para Barrar, Poupe Esta Semana, Promoções, Categoria Referência SFCC",
        "Data_Coleta": "2025-06-01 02:00:59"
    },
    {
        "ID_Produto": "840825",
        "Categoria_Scraping": "frigorificos",
        "Nome": "Creme Vegetal para Barrar Magro",
        "Marca": "Becel",
        "Preco": 1.99,
        "Unidade_Info": "0.25 Kg | 7,96 €/Kg",
        "Categorias_GTM": "Categoria Referência SFCC, Frigorífico, Manteigas e Cremes para Barrar, Poupe Esta Semana, Promoções",
        "Data_Coleta": "2025-06-01 02:00:59"
    },
    {
        "ID_Produto": "947024",
        "Categoria_Scraping": "frigorificos",
        "Nome": "Creme Vegetal para Barrar sabor a Manteiga",
        "Marca": "Planta",
        "Preco": 1.79,
        "Unidade_Info": "0.225 Kg | 7,96 €/Kg",
        "Categorias_GTM": "Frigorífico, Manteigas e Cremes para Barrar, Categoria Referência SFCC, Poupe Este Fim De Semana, Poupe Esta Semana",
        "Data_Coleta": "2025-06-01 02:00:59"
    },
    {
        "ID_Produto": "947029",
        "Categoria_Scraping": "frigorificos",
        "Nome": "Creme Vegetal para Barrar sabor a Manteiga",
        "Marca": "Becel",
        "Preco": 1.99,
        "Unidade_Info": "0.225 Kg | 8,84 €/Kg",
        "Categorias_GTM": "Frigorífico, Manteigas e Cremes para Barrar, Categoria Referência SFCC, Poupe Esta Semana, Promoções",
        "Data_Coleta": "2025-06-01 02:01:09"
    },
    {
        "ID_Produto": "947022",
        "Categoria_Scraping": "frigorificos",
        "Nome": "Creme Vegetal para Barrar sabor a Manteiga Magro",
        "Marca": "Planta",
        "Preco": 1.79,
        "Unidade_Info": "0.225 Kg | 7,96 €/Kg",
        "Categorias_GTM": "Frigorífico, Manteigas e Cremes para Barrar, Categoria Referência SFCC, Poupe Este Fim De Semana, Poupe Esta Semana",
        "Data_Coleta": "2025-06-01 02:01:09"
    },
    {
        "ID_Produto": "933407",
        "Categoria_Scraping": "frigorificos",
        "Nome": "Creme Vegetal para Barrar sem Sal Vioblock",
        "Marca": "Violife",
        "Preco": 2.99,
        "Unidade_Info": "0.25 Kg | 11,96 €/Kg",
        "Categorias_GTM": "Frigorífico, Manteigas e Cremes para Barrar, Categoria Referência SFCC",
        "Data_Coleta": "2025-06-01 02:01:09"
    },
    {
        "ID_Produto": "926838",
        "Categoria_Scraping": "frigorificos",
        "Nome": "Creme Vegetal Proactiv Original",
        "Marca": "Becel Pro Activ",
        "Preco": 3.99,
        "Unidade_Info": "0.225 Kg | 17,73 €/Kg",
        "Categorias_GTM": "Frigorífico, Manteigas e Cremes para Barrar, Categoria Referência SFCC",
        "Data_Coleta": "2025-06-01 02:01:09"
    },
    {
        "ID_Produto": "926839",
        "Categoria_Scraping": "frigorificos",
        "Nome": "Creme Vegetal Sabor a Manteiga Proactiv",
        "Marca": "Becel Pro Activ",
        "Preco": 3.99,
        "Unidade_Info": "0.225 Kg | 17,73 €/Kg",
        "Categorias_GTM": "Frigorífico, Manteigas e Cremes para Barrar, Categoria Referência SFCC",
        "Data_Coleta": "2025-06-01 02:01:09"
    },
    {
        "ID_Produto": "955555",
        "Categoria_Scraping": "frigorificos",
        "Nome": "Gnocchi Fresco",
        "Marca": "Rana",
        "Preco": 2.69,
        "Unidade_Info": "0.4 Kg | 6,73 €/Kg",
        "Categorias_GTM": "Categoria Referência SFCC, Frigorífico, Massas e Outros",
        "Data_Coleta": "2025-06-01 02:01:09"
    },
    {
        "ID_Produto": "990903",
        "Categoria_Scraping": "frigorificos",
        "Nome": "Grisasole Fiambre e Queijo",
        "Marca": "Pingo Doce",
        "Preco": 1.79,
        "Unidade_Info": "0.25 Kg | 7,16 €/Kg",
        "Categorias_GTM": "Frigorífico, As Nossas Marcas, Pingo Doce, Refeições, Categoria Referência SFCC",
        "Data_Coleta": "2025-06-01 02:01:09"
    },
    {
        "ID_Produto": "986817",
        "Categoria_Scraping": "frigorificos",
        "Nome": "Hummus com Azeitona",
        "Marca": "PINGO DOCE",
        "Preco": 1.49,
        "Unidade_Info": "0.18 Kg | 8,28 €/Kg",
        "Categorias_GTM": "Frigorífico",
        "Data_Coleta": "2025-06-01 02:01:09"
    },
    {
        "ID_Produto": "986818",
        "Categoria_Scraping": "frigorificos",
        "Nome": "Hummus de Tremoço e Manjericão",
        "Marca": "PINGO DOCE",
        "Preco": 1.49,
        "Unidade_Info": "0.125 Kg | 11,92 €/Kg",
        "Categorias_GTM": "Frigorífico",
        "Data_Coleta": "2025-06-01 02:01:09"
    },
    {
        "ID_Produto": "953096",
        "Categoria_Scraping": "frigorificos",
        "Nome": "Iogurte Aroma Manga, Banana e Coco",
        "Marca": "Mimosa",
        "Preco": 1.98,
        "Unidade_Info": "0.96 Kg | 2,06 €/Kg",
        "Categorias_GTM": "Categoria Referência SFCC, Aromas e Tradicionais, Frigorífico, Iogurtes",
        "Data_Coleta": "2025-06-01 02:01:09"
    },
    {
        "ID_Produto": "965418",
        "Categoria_Scraping": "frigorificos",
        "Nome": "Iogurte Aroma Multifrutos",
        "Marca": "Mimosa",
        "Preco": 2.99,
        "Unidade_Info": "0.96 Kg | 3,11 €/Kg",
        "Categorias_GTM": "Aromas e Tradicionais, Frigorífico, Iogurtes, Categoria Referência SFCC",
        "Data_Coleta": "2025-06-01 02:01:09"
    },
    {
        "ID_Produto": "907052003",
        "Categoria_Scraping": "frigorificos",
        "Nome": "Iogurte Batido Morango Pack 4",
        "Marca": "Mimosa",
        "Preco": 1.69,
        "Unidade_Info": "4 x0.12 Kg | 3,52 €/Kg",
        "Categorias_GTM": "Frigorífico, Infantis, Iogurtes, Categoria Referência SFCC",
        "Data_Coleta": "2025-06-01 02:01:09"
    },
    {
        "ID_Produto": "819560005",
        "Categoria_Scraping": "frigorificos",
        "Nome": "Iogurte Bifidus Cereais Pack 4",
        "Marca": "Activia Danone",
        "Preco": 2.39,
        "Unidade_Info": "0.48 Kg | 4,98 €/Kg",
        "Categorias_GTM": "Bífidus e Funcionais, Frigorífico, Iogurtes, Categoria Referência SFCC",
        "Data_Coleta": "2025-06-01 02:01:18"
    },
    {
        "ID_Produto": "819560010",
        "Categoria_Scraping": "frigorificos",
        "Nome": "Iogurte Bifidus Pedaços Magro Chia e Amêndoa Pack 4",
        "Marca": "Activia Danone",
        "Preco": 2.39,
        "Unidade_Info": "0.48 Kg | 4,98 €/Kg",
        "Categorias_GTM": "Bífidus e Funcionais, Frigorífico, Iogurtes, Categoria Referência SFCC",
        "Data_Coleta": "2025-06-01 02:01:18"
    },
    {
        "ID_Produto": "980853",
        "Categoria_Scraping": "frigorificos",
        "Nome": "Iogurte Bifidus Pedaços Magro Morango Pack 4",
        "Marca": "Activia Danone",
        "Preco": 2.39,
        "Unidade_Info": "0.46 Kg | 5,2 €/Kg",
        "Categorias_GTM": "Bífidus e Funcionais, Frigorífico, Iogurtes, Categoria Referência SFCC",
        "Data_Coleta": "2025-06-01 02:01:18"
    },
    {
        "ID_Produto": "980852",
        "Categoria_Scraping": "frigorificos",
        "Nome": "Iogurte Bifidus Pedaços Magro Natural Pack 4",
        "Marca": "Activia Danone",
        "Preco": 2.39,
        "Unidade_Info": "0.46 Kg | 5,2 €/Kg",
        "Categorias_GTM": "Bífidus e Funcionais, Frigorífico, Iogurtes, Categoria Referência SFCC",
        "Data_Coleta": "2025-06-01 02:01:18"
    },
    {
        "ID_Produto": "980851",
        "Categoria_Scraping": "frigorificos",
        "Nome": "Iogurte Bifidus Pedaços Magro Pêssego Pack 4",
        "Marca": "Activia Danone",
        "Preco": 2.39,
        "Unidade_Info": "0.46 Kg | 5,2 €/Kg",
        "Categorias_GTM": "Bífidus e Funcionais, Frigorífico, Iogurtes, Categoria Referência SFCC",
        "Data_Coleta": "2025-06-01 02:01:18"
    },
    {
        "ID_Produto": "725568001",
        "Categoria_Scraping": "frigorificos",
        "Nome": "Iogurte Danoninho de Morango Pack 4",
        "Marca": "Danone",
        "Preco": 2.39,
        "Unidade_Info": "0.4 Kg | 5,98 €/Kg",
        "Categorias_GTM": "Frigorífico, Infantis, Iogurtes, Categoria Referência SFCC",
        "Data_Coleta": "2025-06-01 02:01:18"
    },
    {
        "ID_Produto": "980838",
        "Categoria_Scraping": "frigorificos",
        "Nome": "Iogurte Duo Cremoso Chocoballs",
        "Marca": "Danone",
        "Preco": 0.79,
        "Unidade_Info": "0.1 Kg | 7,9 €/Kg",
        "Categorias_GTM": "Frigorífico, Infantis, Iogurtes, Categoria Referência SFCC",
        "Data_Coleta": "2025-06-01 02:01:18"
    },
    {
        "ID_Produto": "815192002",
        "Categoria_Scraping": "frigorificos",
        "Nome": "Iogurte Grego Caramelo Pack 4",
        "Marca": "Oikos Danone",
        "Preco": 1.99,
        "Unidade_Info": "0.44 Kg | 4,52 €/Kg",
        "Categorias_GTM": "Frigorífico, Gregos, Iogurtes, Promoções, Poupe Este Fim De Semana",
        "Data_Coleta": "2025-06-01 02:01:18"
    },
    {
        "ID_Produto": "954740",
        "Categoria_Scraping": "frigorificos",
        "Nome": "Iogurte Infantil Morango e Banana Pack 4",
        "Marca": "Danonino Danone",
        "Preco": 2.19,
        "Unidade_Info": "0.28 Kg | 7,82 €/Kg",
        "Categorias_GTM": "Categoria Referência SFCC, Frigorífico, Infantis, Iogurtes",
        "Data_Coleta": "2025-06-01 02:01:18"
    },
    {
        "ID_Produto": "975611",
        "Categoria_Scraping": "frigorificos",
        "Nome": "IOGURTE LÍQ DANONE STRACCIATELLA 155G",
        "Marca": "Danone",
        "Preco": 0.4,
        "Unidade_Info": "0.155 Kg | 2,58 €/Kg",
        "Categorias_GTM": "Frigorífico, Iogurtes, Líquidos, Categoria Referência SFCC",
        "Data_Coleta": "2025-06-01 02:01:18"
    },
    {
        "ID_Produto": "841169008",
        "Categoria_Scraping": "frigorificos",
        "Nome": "Iogurte Líquido Ananás e Coco Pack 4",
        "Marca": "Yoggi",
        "Preco": 1.99,
        "Unidade_Info": "4 x0.16 Kg | 3,11 €/Kg",
        "Categorias_GTM": "Categoria Referência SFCC, Frigorífico, Iogurtes, Líquidos",
        "Data_Coleta": "2025-06-01 02:01:18"
    },
    {
        "ID_Produto": "930115",
        "Categoria_Scraping": "frigorificos",
        "Nome": "Iogurte Líquido Bifidus Aveia e Linhaça Pack 4",
        "Marca": "Activia Danone",
        "Preco": 1.99,
        "Unidade_Info": "4 x0.155 Kg | 3,21 €/Kg",
        "Categorias_GTM": "Bífidus e Funcionais, Frigorífico, Iogurtes, Categoria Referência SFCC",
        "Data_Coleta": "2025-06-01 02:01:18"
    },
    {
        "ID_Produto": "873093",
        "Categoria_Scraping": "frigorificos",
        "Nome": "Iogurte Líquido Bifidus Aveia Pack 6",
        "Marca": "Danacol Danone",
        "Preco": 2.99,
        "Unidade_Info": "0.6 Kg | 4,98 €/Kg",
        "Categorias_GTM": "Bífidus e Funcionais, Frigorífico, Iogurtes, Categoria Referência SFCC",
        "Data_Coleta": "2025-06-01 02:01:27"
    },
    {
        "ID_Produto": "959869",
        "Categoria_Scraping": "frigorificos",
        "Nome": "Iogurte Líquido Bifidus Triplo 0% Ananás sem Lactose Pack 4",
        "Marca": "Activia Danone",
        "Preco": 1.99,
        "Unidade_Info": "4 x0.155 Kg | 3,21 €/Kg",
        "Categorias_GTM": "Bífidus e Funcionais, Frigorífico, Iogurtes, Categoria Referência SFCC",
        "Data_Coleta": "2025-06-01 02:01:27"
    },
    {
        "ID_Produto": "959868",
        "Categoria_Scraping": "frigorificos",
        "Nome": "Iogurte Líquido Bifidus Triplo 0% Aveia e Noz sem Lactose Pack 4",
        "Marca": "Activia Danone",
        "Preco": 1.99,
        "Unidade_Info": "4 x0.155 Kg | 3,21 €/Kg",
        "Categorias_GTM": "Bífidus e Funcionais, Frigorífico, Iogurtes, Categoria Referência SFCC",
        "Data_Coleta": "2025-06-01 02:01:27"
    },
    {
        "ID_Produto": "975607",
        "Categoria_Scraping": "frigorificos",
        "Nome": "Iogurte Líquido Bifidus Triplo 0% Morango e Kiwi sem Lactose Pack 12",
        "Marca": "Activia Danone",
        "Preco": 3.89,
        "Unidade_Info": "1.24 Kg | 3,14 €/Kg",
        "Categorias_GTM": "Bífidus e Funcionais, Frigorífico, Iogurtes, Categoria Referência SFCC",
        "Data_Coleta": "2025-06-01 02:01:27"
    },
    {
        "ID_Produto": "991079",
        "Categoria_Scraping": "frigorificos",
        "Nome": "Iogurte Líquido Cremoso Goiaba",
        "Marca": "Pingo Doce",
        "Preco": 0.37,
        "Unidade_Info": "0.17 Kg | 2,18 €/Kg",
        "Categorias_GTM": "As Nossas Marcas, Frigorífico, Iogurtes, Líquidos, Pingo Doce",
        "Data_Coleta": "2025-06-01 02:01:27"
    },
    {
        "ID_Produto": "980836",
        "Categoria_Scraping": "frigorificos",
        "Nome": "Iogurte Líquido Defesa Laranja e Multifrutas Tripla Ação Pack 6",
        "Marca": "Actimel Danone",
        "Preco": 3.19,
        "Unidade_Info": "0.6 L | 5,32 €/L",
        "Categorias_GTM": "Bífidus e Funcionais, Frigorífico, Iogurtes, Categoria Referência SFCC",
        "Data_Coleta": "2025-06-01 02:01:27"
    },
    {
        "ID_Produto": "704613007",
        "Categoria_Scraping": "frigorificos",
        "Nome": "Iogurte Líquido Defesa Tutti Frutti Pack 6",
        "Marca": "Actimel Danone",
        "Preco": 2.99,
        "Unidade_Info": "0.6 Kg | 4,98 €/Kg",
        "Categorias_GTM": "Categoria Referência SFCC, Bífidus e Funcionais, Frigorífico, Iogurtes",
        "Data_Coleta": "2025-06-01 02:01:27"
    },
    {
        "ID_Produto": "821338002",
        "Categoria_Scraping": "frigorificos",
        "Nome": "Iogurte Líquido de Morango sem Lactose",
        "Marca": "Mimosa",
        "Preco": 0.5,
        "Unidade_Info": "0.151 L | 3,31 €/L",
        "Categorias_GTM": "Categoria Referência SFCC, Frigorífico, Iogurtes, Líquidos",
        "Data_Coleta": "2025-06-01 02:01:27"
    },
    {
        "ID_Produto": "821338001",
        "Categoria_Scraping": "frigorificos",
        "Nome": "Iogurte Líquido Fruta Exótica Sem Lactose Pack 4",
        "Marca": "Mimosa",
        "Preco": 1.99,
        "Unidade_Info": "4 x0.151 L | 3,29 €/L",
        "Categorias_GTM": "Frigorífico, Iogurtes, Líquidos, Categoria Referência SFCC",
        "Data_Coleta": "2025-06-01 02:01:27"
    },
    {
        "ID_Produto": "891056001",
        "Categoria_Scraping": "frigorificos",
        "Nome": "Iogurte Líquido Frutas Variadas Infantil Pack 6",
        "Marca": "Yoco",
        "Preco": 2.29,
        "Unidade_Info": "0.54 Kg | 4,24 €/Kg",
        "Categorias_GTM": "Frigorífico, Infantis, Iogurtes, Categoria Referência SFCC",
        "Data_Coleta": "2025-06-01 02:01:27"
    },
    {
        "ID_Produto": "821278003",
        "Categoria_Scraping": "frigorificos",
        "Nome": "Iogurte Líquido Frutos Tropicais Pack 4",
        "Marca": "Mimosa",
        "Preco": 1.44,
        "Unidade_Info": "4 x0.151 L | 2,38 €/L",
        "Categorias_GTM": "Frigorífico, Iogurtes, Líquidos, Categoria Referência SFCC",
        "Data_Coleta": "2025-06-01 02:01:27"
    },
    {
        "ID_Produto": "746830003",
        "Categoria_Scraping": "frigorificos",
        "Nome": "Iogurte Líquido Infantil Tutti Frutti",
        "Marca": "Danonino",
        "Preco": 2.09,
        "Unidade_Info": "0.4 Kg | 5,23 €/Kg",
        "Categorias_GTM": "Categoria Referência SFCC, Frigorífico, Infantis, Iogurtes",
        "Data_Coleta": "2025-06-01 02:01:27"
    },
    {
        "ID_Produto": "891056002",
        "Categoria_Scraping": "frigorificos",
        "Nome": "Iogurte Líquido Morango Infantil",
        "Marca": "Yoco",
        "Preco": 2.29,
        "Unidade_Info": "0.54 Kg | 4,24 €/Kg",
        "Categorias_GTM": "Frigorífico, Infantis, Iogurtes, Categoria Referência SFCC",
        "Data_Coleta": "2025-06-01 02:01:37"
    },
    {
        "ID_Produto": "857487001",
        "Categoria_Scraping": "frigorificos",
        "Nome": "Iogurte Líquido Morango Pack 4",
        "Marca": "Danone",
        "Preco": 1.59,
        "Unidade_Info": "4 x0.155 Kg | 2,56 €/Kg",
        "Categorias_GTM": "Frigorífico, Iogurtes, Líquidos, Categoria Referência SFCC",
        "Data_Coleta": "2025-06-01 02:01:37"
    },
    {
        "ID_Produto": "884783",
        "Categoria_Scraping": "frigorificos",
        "Nome": "Iogurte Líquido Proteína Baunilha e Cookies",
        "Marca": "Yopro Danone",
        "Preco": 1.99,
        "Unidade_Info": "0.3 Kg | 6,63 €/Kg",
        "Categorias_GTM": "Frigorífico, Iogurtes, Proteicos, Categoria Referência SFCC",
        "Data_Coleta": "2025-06-01 02:01:37"
    },
    {
        "ID_Produto": "923866",
        "Categoria_Scraping": "frigorificos",
        "Nome": "Iogurte Líquido Proteína Coco",
        "Marca": "Yopro Danone",
        "Preco": 1.99,
        "Unidade_Info": "0.3 Kg | 6,63 €/Kg",
        "Categorias_GTM": "Proteicos, Frigorífico, Iogurtes, Categoria Referência SFCC",
        "Data_Coleta": "2025-06-01 02:01:37"
    },
    {
        "ID_Produto": "513365003",
        "Categoria_Scraping": "frigorificos",
        "Nome": "Iogurte Líquido Reduz Colesterol Frutos Exóticos Pack 6",
        "Marca": "Danacol Danone",
        "Preco": 2.99,
        "Unidade_Info": "0.6 Kg | 4,98 €/Kg",
        "Categorias_GTM": "Categoria Referência SFCC, Bífidus e Funcionais, Frigorífico, Iogurtes",
        "Data_Coleta": "2025-06-01 02:01:37"
    },
    {
        "ID_Produto": "513365001",
        "Categoria_Scraping": "frigorificos",
        "Nome": "Iogurte Líquido Reduz Colesterol Morango Pack 6",
        "Marca": "Danacol Danone",
        "Preco": 2.99,
        "Unidade_Info": "0.6 Kg | 4,98 €/Kg",
        "Categorias_GTM": "Categoria Referência SFCC, Bífidus e Funcionais, Frigorífico, Iogurtes",
        "Data_Coleta": "2025-06-01 02:01:37"
    },
    {
        "ID_Produto": "513365008",
        "Categoria_Scraping": "frigorificos",
        "Nome": "Iogurte Líquido Reduz Colesterol Noz Pack 6",
        "Marca": "Danacol Danone",
        "Preco": 2.99,
        "Unidade_Info": "0.6 Kg | 4,98 €/Kg",
        "Categorias_GTM": "Categoria Referência SFCC, Bífidus e Funcionais, Frigorífico, Iogurtes",
        "Data_Coleta": "2025-06-01 02:01:37"
    },
    {
        "ID_Produto": "857487003",
        "Categoria_Scraping": "frigorificos",
        "Nome": "Iogurte Líquido Tutti Frutti Pack 4",
        "Marca": "Danone",
        "Preco": 1.59,
        "Unidade_Info": "4 x0.155 Kg | 2,56 €/Kg",
        "Categorias_GTM": "Categoria Referência SFCC, Frigorífico, Iogurtes, Líquidos",
        "Data_Coleta": "2025-06-01 02:01:37"
    },
    {
        "ID_Produto": "877329",
        "Categoria_Scraping": "frigorificos",
        "Nome": "Iogurte Magro Aroma Morango, Manga e Coco Pack 8",
        "Marca": "Mimosa",
        "Preco": 2.49,
        "Unidade_Info": "0.96 Kg | 2,59 €/Kg",
        "Categorias_GTM": "Frigorífico, Iogurtes, Magros, Categoria Referência SFCC",
        "Data_Coleta": "2025-06-01 02:01:37"
    },
    {
        "ID_Produto": "927760002",
        "Categoria_Scraping": "frigorificos",
        "Nome": "Iogurte Magro Natural sem Lactose",
        "Marca": "Mimosa",
        "Preco": 0.5,
        "Unidade_Info": "0.12 Kg | 4,17 €/Kg",
        "Categorias_GTM": "Frigorífico, Iogurtes, Magros, Categoria Referência SFCC",
        "Data_Coleta": "2025-06-01 02:01:37"
    },
    {
        "ID_Produto": "909388",
        "Categoria_Scraping": "frigorificos",
        "Nome": "Iogurte Proteico, Manteiga Amendoim e Banana",
        "Marca": "Yopro",
        "Preco": 1.29,
        "Unidade_Info": "0.16 Kg | 8,06 €/Kg",
        "Categorias_GTM": "Frigorífico, Iogurtes, Proteicos, Categoria Referência SFCC",
        "Data_Coleta": "2025-06-01 02:01:37"
    },
    {
        "ID_Produto": "960001",
        "Categoria_Scraping": "frigorificos",
        "Nome": "Iogurte Proteína Morango e Lima",
        "Marca": "Lindahls",
        "Preco": 0.99,
        "Unidade_Info": "0.16 Kg | 6,19 €/Kg",
        "Categorias_GTM": "Frigorífico, Iogurtes, Proteicos, Categoria Referência SFCC",
        "Data_Coleta": "2025-06-01 02:01:37"
    },
    {
        "ID_Produto": "959978",
        "Categoria_Scraping": "frigorificos",
        "Nome": "Iogurte Proteína Pêssego e Maracujá",
        "Marca": "Lindahls",
        "Preco": 0.99,
        "Unidade_Info": "0.16 Kg | 6,19 €/Kg",
        "Categorias_GTM": "Frigorífico, Iogurtes, Proteicos, Categoria Referência SFCC",
        "Data_Coleta": "2025-06-01 02:01:47"
    },
    {
        "ID_Produto": "959976",
        "Categoria_Scraping": "frigorificos",
        "Nome": "Iogurte Proteína Stracciatella",
        "Marca": "Lindahls",
        "Preco": 1.09,
        "Unidade_Info": "0.16 Kg | 6,81 €/Kg",
        "Categorias_GTM": "Frigorífico, Iogurtes, Proteicos, Categoria Referência SFCC",
        "Data_Coleta": "2025-06-01 02:01:47"
    },
    {
        "ID_Produto": "927760001",
        "Categoria_Scraping": "frigorificos",
        "Nome": "Iogurte Sem Lactose Magro de Morango",
        "Marca": "Mimosa",
        "Preco": 0.5,
        "Unidade_Info": "0.12 Kg | 4,17 €/Kg",
        "Categorias_GTM": "Frigorífico, Iogurtes, Magros, Categoria Referência SFCC",
        "Data_Coleta": "2025-06-01 02:01:47"
    },
    {
        "ID_Produto": "932207",
        "Categoria_Scraping": "frigorificos",
        "Nome": "Iogurte Twix Infantil",
        "Marca": "Danone",
        "Preco": 0.99,
        "Unidade_Info": "0.12 Kg | 8,25 €/Kg",
        "Categorias_GTM": "Categoria Referência SFCC, Frigorífico, Infantis, Iogurtes",
        "Data_Coleta": "2025-06-01 02:01:47"
    },
    {
        "ID_Produto": "925004",
        "Categoria_Scraping": "frigorificos",
        "Nome": "Kit Tagliatelle Bolonhesa",
        "Marca": "Rana",
        "Preco": 4.99,
        "Unidade_Info": "0.408 Kg | 12,23 €/Kg",
        "Categorias_GTM": "Frigorífico, Massas e Outros, Categoria Referência SFCC",
        "Data_Coleta": "2025-06-01 02:01:47"
    },
    {
        "ID_Produto": "923719",
        "Categoria_Scraping": "frigorificos",
        "Nome": "Kit Tagliatelle Carbonara",
        "Marca": "Rana",
        "Preco": 4.99,
        "Unidade_Info": "0.408 Kg | 12,23 €/Kg",
        "Categorias_GTM": "Frigorífico, Massas e Outros, Categoria Referência SFCC",
        "Data_Coleta": "2025-06-01 02:01:47"
    },
    {
        "ID_Produto": "808431",
        "Categoria_Scraping": "frigorificos",
        "Nome": "Lasanha de Ricota e Espinafres",
        "Marca": "Rana",
        "Preco": 3.99,
        "Unidade_Info": "0.35 Kg | 11,4 €/Kg",
        "Categorias_GTM": "Categoria Referência SFCC, Frigorífico, Massas e Outros",
        "Data_Coleta": "2025-06-01 02:01:47"
    },
    {
        "ID_Produto": "669642",
        "Categoria_Scraping": "frigorificos",
        "Nome": "Leite Creme com Bolacha",
        "Marca": "Reina",
        "Preco": 2.58,
        "Unidade_Info": "0.5 Kg | 5,16 €/Kg",
        "Categorias_GTM": "Categoria Referência SFCC, Frigorífico, Sobremesas",
        "Data_Coleta": "2025-06-01 02:01:47"
    },
    {
        "ID_Produto": "900477",
        "Categoria_Scraping": "frigorificos",
        "Nome": "Levedura Fresca",
        "Marca": "Nossa Padaria",
        "Preco": 0.65,
        "Unidade_Info": "0.05 Kg | 13 €/Kg",
        "Categorias_GTM": "Padaria e Pastelaria, Frigorífico, Massas e Outros, Categoria Referência SFCC",
        "Data_Coleta": "2025-06-01 02:01:47"
    },
    {
        "ID_Produto": "950868",
        "Categoria_Scraping": "frigorificos",
        "Nome": "Manteiga com Alho e Ervas",
        "Marca": "Mimosa",
        "Preco": 2.74,
        "Unidade_Info": "0.16 Kg | 17,13 €/Kg",
        "Categorias_GTM": "Frigorífico, Manteigas e Cremes para Barrar, Categoria Referência SFCC",
        "Data_Coleta": "2025-06-01 02:01:47"
    },
    {
        "ID_Produto": "80307",
        "Categoria_Scraping": "frigorificos",
        "Nome": "Manteiga com Sal",
        "Marca": "Primor",
        "Preco": 1.64,
        "Unidade_Info": "0.125 Kg | 13,12 €/Kg",
        "Categorias_GTM": "Frigorífico, Manteigas e Cremes para Barrar, Categoria Referência SFCC",
        "Data_Coleta": "2025-06-01 02:01:47"
    },
    {
        "ID_Produto": "701846",
        "Categoria_Scraping": "frigorificos",
        "Nome": "Manteiga com Sal",
        "Marca": "Mimosa",
        "Preco": 1.59,
        "Unidade_Info": "0.125 Kg | 12,72 €/Kg",
        "Categorias_GTM": "Categoria Referência SFCC, Frigorífico, Manteigas e Cremes para Barrar",
        "Data_Coleta": "2025-06-01 02:01:47"
    },
    {
        "ID_Produto": "937742",
        "Categoria_Scraping": "frigorificos",
        "Nome": "Manteiga com Sal",
        "Marca": "Agros",
        "Preco": 2.24,
        "Unidade_Info": "0.25 Kg | 8,96 €/Kg",
        "Categorias_GTM": "Frigorífico, Manteigas e Cremes para Barrar, Categoria Referência SFCC, Poupe Esta Semana, Promoções",
        "Data_Coleta": "2025-06-01 02:01:57"
    },
    {
        "ID_Produto": "479320",
        "Categoria_Scraping": "frigorificos",
        "Nome": "Manteiga com Sal Fácil de Barrar",
        "Marca": "Mimosa",
        "Preco": 2.54,
        "Unidade_Info": "0.25 Kg | 10,16 €/Kg",
        "Categorias_GTM": "Categoria Referência SFCC, Frigorífico, Manteigas e Cremes para Barrar",
        "Data_Coleta": "2025-06-01 02:01:57"
    },
    {
        "ID_Produto": "805280",
        "Categoria_Scraping": "frigorificos",
        "Nome": "Manteiga com Sal Gourmet",
        "Marca": "Nova Açores",
        "Preco": 2.65,
        "Unidade_Info": "0.25 Kg | 10,6 €/Kg",
        "Categorias_GTM": "Categoria Referência SFCC, Frigorífico, Manteigas e Cremes para Barrar",
        "Data_Coleta": "2025-06-01 02:01:57"
    },
    {
        "ID_Produto": "468668",
        "Categoria_Scraping": "frigorificos",
        "Nome": "Manteiga com Sal Marinho",
        "Marca": "Primor",
        "Preco": 2.14,
        "Unidade_Info": "0.125 Kg | 17,12 €/Kg",
        "Categorias_GTM": "Categoria Referência SFCC, Frigorífico, Manteigas e Cremes para Barrar",
        "Data_Coleta": "2025-06-01 02:01:57"
    },
    {
        "ID_Produto": "850894",
        "Categoria_Scraping": "frigorificos",
        "Nome": "Manteiga com Sal sem Lactose",
        "Marca": "Primor",
        "Preco": 2.09,
        "Unidade_Info": "0.125 Kg | 16,72 €/Kg",
        "Categorias_GTM": "Frigorífico, Manteigas e Cremes para Barrar, Categoria Referência SFCC",
        "Data_Coleta": "2025-06-01 02:01:57"
    },
    {
        "ID_Produto": "642896",
        "Categoria_Scraping": "frigorificos",
        "Nome": "Manteiga La Motte Sal Marinho",
        "Marca": "Président",
        "Preco": 4.29,
        "Unidade_Info": "0.25 Kg | 17,16 €/Kg",
        "Categorias_GTM": "Categoria Referência SFCC, Frigorífico, Manteigas e Cremes para Barrar",
        "Data_Coleta": "2025-06-01 02:01:57"
    },
    {
        "ID_Produto": "529884",
        "Categoria_Scraping": "frigorificos",
        "Nome": "Manteiga Magra Baixo Teor Sal",
        "Marca": "Président",
        "Preco": 2.89,
        "Unidade_Info": "0.25 Kg | 11,56 €/Kg",
        "Categorias_GTM": "Categoria Referência SFCC, Frigorífico, Manteigas e Cremes para Barrar",
        "Data_Coleta": "2025-06-01 02:01:57"
    },
    {
        "ID_Produto": "965339",
        "Categoria_Scraping": "frigorificos",
        "Nome": "Manteiga Magra Sem Lactose",
        "Marca": "Matinal",
        "Preco": 1.99,
        "Unidade_Info": "0.2 Kg | 9,95 €/Kg",
        "Categorias_GTM": "Manteigas e Cremes para Barrar, Frigorífico, Categoria Referência SFCC, Poupe Esta Semana, Promoções",
        "Data_Coleta": "2025-06-01 02:01:57"
    },
    {
        "ID_Produto": "936364",
        "Categoria_Scraping": "frigorificos",
        "Nome": "Manteiga sem Lactose",
        "Marca": "Mimosa",
        "Preco": 2.74,
        "Unidade_Info": "0.25 Kg | 10,96 €/Kg",
        "Categorias_GTM": "Frigorífico, Manteigas e Cremes para Barrar, Categoria Referência SFCC",
        "Data_Coleta": "2025-06-01 02:01:57"
    },
    {
        "ID_Produto": "945827",
        "Categoria_Scraping": "frigorificos",
        "Nome": "Manteira com Alho e Ervas",
        "Marca": "Mimosa",
        "Preco": 1.79,
        "Unidade_Info": "0.125 Kg | 14,32 €/Kg",
        "Categorias_GTM": "Frigorífico, Manteigas e Cremes para Barrar, Categoria Referência SFCC",
        "Data_Coleta": "2025-06-01 02:01:57"
    },
    {
        "ID_Produto": "808410",
        "Categoria_Scraping": "frigorificos",
        "Nome": "Massa Folhada",
        "Marca": "Pasta do Dia",
        "Preco": 2.09,
        "Unidade_Info": "0.23 Kg | 9,09 €/Kg",
        "Categorias_GTM": "Categoria Referência SFCC, Frigorífico, Massas e Outros",
        "Data_Coleta": "2025-06-01 02:01:57"
    },
    {
        "ID_Produto": "844731",
        "Categoria_Scraping": "frigorificos",
        "Nome": "Massa Folhada sem Glúten",
        "Marca": "Pasta do Dia",
        "Preco": 3.28,
        "Unidade_Info": "0.28 Kg | 11,71 €/Kg",
        "Categorias_GTM": "Categoria Referência SFCC, Frigorífico, Massas e Outros",
        "Data_Coleta": "2025-06-01 02:01:57"
    },
    {
        "ID_Produto": "803587",
        "Categoria_Scraping": "frigorificos",
        "Nome": "Massa para Pizza",
        "Marca": "Pasta do Dia",
        "Preco": 2.39,
        "Unidade_Info": "0.23 Kg | 10,39 €/Kg",
        "Categorias_GTM": "Frigorífico, Massas e Outros, Categoria Referência SFCC",
        "Data_Coleta": "2025-06-01 02:02:06"
    },
    {
        "ID_Produto": "808411",
        "Categoria_Scraping": "frigorificos",
        "Nome": "Massa Quebrada",
        "Marca": "Pasta do Dia",
        "Preco": 2.09,
        "Unidade_Info": "0.23 Kg | 9,09 €/Kg",
        "Categorias_GTM": "Frigorífico, Massas e Outros, Categoria Referência SFCC",
        "Data_Coleta": "2025-06-01 02:02:06"
    },
    {
        "ID_Produto": "844732",
        "Categoria_Scraping": "frigorificos",
        "Nome": "Massa Quebrada sem Glúten",
        "Marca": "Pasta do Dia",
        "Preco": 3.28,
        "Unidade_Info": "0.28 Kg | 11,71 €/Kg",
        "Categorias_GTM": "Categoria Referência SFCC, Frigorífico, Massas e Outros",
        "Data_Coleta": "2025-06-01 02:02:06"
    },
    {
        "ID_Produto": "904344",
        "Categoria_Scraping": "frigorificos",
        "Nome": "Massa Tenra",
        "Marca": "Pasta do Dia",
        "Preco": 2.79,
        "Unidade_Info": "0.3 Kg | 9,3 €/Kg",
        "Categorias_GTM": "Frigorífico, Massas e Outros, Categoria Referência SFCC",
        "Data_Coleta": "2025-06-01 02:02:06"
    },
    {
        "ID_Produto": "945609",
        "Categoria_Scraping": "frigorificos",
        "Nome": "Meenteiga Vegetal Amêndoa e Azeite Vegan",
        "Marca": "Yogan",
        "Preco": 3.05,
        "Unidade_Info": "0.12 Kg | 25,42 €/Kg",
        "Categorias_GTM": "Categoria Referência SFCC, Frigorífico, Manteigas e Cremes para Barrar",
        "Data_Coleta": "2025-06-01 02:02:06"
    },
    {
        "ID_Produto": "976844",
        "Categoria_Scraping": "frigorificos",
        "Nome": "Nuggets Vegetarianos",
        "Marca": "Heura",
        "Preco": 3.99,
        "Unidade_Info": "0.16 Kg | 24,94 €/Kg",
        "Categorias_GTM": "Frigorífico, Refeições, Categoria Referência SFCC",
        "Data_Coleta": "2025-06-01 02:02:06"
    },
    {
        "ID_Produto": "973890",
        "Categoria_Scraping": "frigorificos",
        "Nome": "Plangeita com Sal",
        "Marca": "Planta",
        "Preco": 1.79,
        "Unidade_Info": "0.25 Kg | 7,16 €/Kg",
        "Categorias_GTM": "Promoções, Frigorífico, Manteigas e Cremes para Barrar, Poupe Esta Semana, Categoria Referência SFCC",
        "Data_Coleta": "2025-06-01 02:02:06"
    },
    {
        "ID_Produto": "963317",
        "Categoria_Scraping": "frigorificos",
        "Nome": "Preparado de Soja com Mirtilo",
        "Marca": "Alpro",
        "Preco": 1.99,
        "Unidade_Info": "0.4 Kg | 4,97 €/Kg",
        "Categorias_GTM": "Alternativas Vegetais, Frigorífico, Iogurtes, Categoria Referência SFCC, Poupe Este Fim De Semana",
        "Data_Coleta": "2025-06-01 02:02:06"
    },
    {
        "ID_Produto": "731488",
        "Categoria_Scraping": "frigorificos",
        "Nome": "Qeujo para Barrar com Alho e Ervas",
        "Marca": "Boursin",
        "Preco": 2.79,
        "Unidade_Info": "0.15 Kg | 18,6 €/Kg",
        "Categorias_GTM": "Categoria Referência SFCC, Para Barrar, Frigorífico, Queijo",
        "Data_Coleta": "2025-06-01 02:02:06"
    },
    {
        "ID_Produto": "643561",
        "Categoria_Scraping": "frigorificos",
        "Nome": "Quadradinho Massa Folhada",
        "Marca": "Pasta do Dia",
        "Preco": 2.39,
        "Unidade_Info": "0.3 Kg | 7,97 €/Kg",
        "Categorias_GTM": "Categoria Referência SFCC, Frigorífico, Massas e Outros",
        "Data_Coleta": "2025-06-01 02:02:06"
    },
    {
        "ID_Produto": "957542",
        "Categoria_Scraping": "frigorificos",
        "Nome": "Queijo Branco de Vaca",
        "Marca": "Indulac",
        "Preco": 7.19,
        "Unidade_Info": "0.5 Kg | 14,38 €/Kg",
        "Categorias_GTM": "Frigorífico, Nacional, Queijo, Poupe Esta Semana, Promoções",
        "Data_Coleta": "2025-06-01 02:02:06"
    },
    {
        "ID_Produto": "848416",
        "Categoria_Scraping": "frigorificos",
        "Nome": "Queijo Cabra Curado",
        "Marca": "Lagos",
        "Preco": 5.99,
        "Unidade_Info": "0.225 Kg | 26,62 €/Kg",
        "Categorias_GTM": "Categoria Referência SFCC, Frigorífico, Nacional, Queijo",
        "Data_Coleta": "2025-06-01 02:02:06"
    },
    {
        "ID_Produto": "662947",
        "Categoria_Scraping": "frigorificos",
        "Nome": "Queijo Camembert",
        "Marca": "Président",
        "Preco": 4.15,
        "Unidade_Info": "0.25 Kg | 16,6 €/Kg",
        "Categorias_GTM": "Categoria Referência SFCC, Estrangeiro, Frigorífico, Queijo",
        "Data_Coleta": "2025-06-01 02:02:16"
    },
    {
        "ID_Produto": "735455",
        "Categoria_Scraping": "frigorificos",
        "Nome": "Queijo Caprice des Dieux",
        "Marca": "Caprice des Dieux",
        "Preco": 4.29,
        "Unidade_Info": "0.2 Kg | 21,45 €/Kg",
        "Categorias_GTM": "Categoria Referência SFCC, Estrangeiro, Frigorífico, Queijo, Poupe Esta Semana",
        "Data_Coleta": "2025-06-01 02:02:16"
    },
    {
        "ID_Produto": "397002",
        "Categoria_Scraping": "frigorificos",
        "Nome": "Queijo Creme Camembert",
        "Marca": "Président",
        "Preco": 2.59,
        "Unidade_Info": "0.125 Kg | 20,72 €/Kg",
        "Categorias_GTM": "Estrangeiro, Frigorífico, Queijo",
        "Data_Coleta": "2025-06-01 02:02:16"
    },
    {
        "ID_Produto": "939434",
        "Categoria_Scraping": "frigorificos",
        "Nome": "Queijo Curado de Mistura",
        "Marca": "Lagos",
        "Preco": 6.99,
        "Unidade_Info": "0.45 Kg | 15,53 €/Kg",
        "Categorias_GTM": "Categoria Referência SFCC, Frigorífico, Nacional, Queijo",
        "Data_Coleta": "2025-06-01 02:02:16"
    },
    {
        "ID_Produto": "920408",
        "Categoria_Scraping": "frigorificos",
        "Nome": "Queijo Curado Especial Barrado Pimentão",
        "Marca": "Castelões",
        "Preco": 7.49,
        "Unidade_Info": "0.5 Kg | 14,98 €/Kg",
        "Categorias_GTM": "Fatiado e Bola, Frigorífico, Queijo, Categoria Referência SFCC",
        "Data_Coleta": "2025-06-01 02:02:16"
    },
    {
        "ID_Produto": "412832",
        "Categoria_Scraping": "frigorificos",
        "Nome": "Queijo Curado Queijaria das Pousadas kg",
        "Marca": "Queijaria das Pousadas",
        "Preco": 9.89,
        "Unidade_Info": "1.1 Kg",
        "Categorias_GTM": "Poupe Esta Semana, Promoções, Fatiado e Bola, Frigorífico, Queijo",
        "Data_Coleta": "2025-06-01 02:02:16"
    },
    {
        "ID_Produto": "696184",
        "Categoria_Scraping": "frigorificos",
        "Nome": "Queijo Curado Tradicional",
        "Marca": "Alavão",
        "Preco": 5.49,
        "Unidade_Info": "0.45 Kg | 12,2 €/Kg",
        "Categorias_GTM": "Categoria Referência SFCC, Fatiado e Bola, Frigorífico, Queijo",
        "Data_Coleta": "2025-06-01 02:02:16"
    },
    {
        "ID_Produto": "103310",
        "Categoria_Scraping": "frigorificos",
        "Nome": "Queijo Curado Tradicional Alavão Saloio",
        "Marca": "Alavão",
        "Preco": 13.48,
        "Unidade_Info": "1 Kg",
        "Categorias_GTM": "Fatiado e Bola, Frigorífico, Queijo, Categoria Referência SFCC",
        "Data_Coleta": "2025-06-01 02:02:16"
    },
    {
        "ID_Produto": "899886",
        "Categoria_Scraping": "frigorificos",
        "Nome": "Queijo da Ilha Cura de 9 Meses",
        "Marca": "São Miguel",
        "Preco": 4.89,
        "Unidade_Info": "0.3 Kg | 16,3 €/Kg",
        "Categorias_GTM": "Categoria Referência SFCC, Frigorífico, Nacional, Queijo, Poupe Esta Semana",
        "Data_Coleta": "2025-06-01 02:02:16"
    },
    {
        "ID_Produto": "889009",
        "Categoria_Scraping": "frigorificos",
        "Nome": "Queijo de Azeitão DOP",
        "Marca": "Victor Fernandes",
        "Preco": 8.49,
        "Unidade_Info": "0.25 Kg | 33,96 €/Kg",
        "Categorias_GTM": "Frigorífico, Nacional, Queijo, Poupe Este Fim De Semana, Poupe Esta Semana",
        "Data_Coleta": "2025-06-01 02:02:16"
    },
    {
        "ID_Produto": "178845",
        "Categoria_Scraping": "frigorificos",
        "Nome": "Queijo de Cabra Curado",
        "Marca": "Côvo",
        "Preco": 23.89,
        "Unidade_Info": "1.1 Kg",
        "Categorias_GTM": "Frigorífico, Nacional, Queijo, Categoria Referência SFCC",
        "Data_Coleta": "2025-06-01 02:02:16"
    },
    {
        "ID_Produto": "764123",
        "Categoria_Scraping": "frigorificos",
        "Nome": "Queijo de Cabra Original",
        "Marca": "Palhais",
        "Preco": 4.89,
        "Unidade_Info": "0.2 Kg | 24,45 €/Kg",
        "Categorias_GTM": "Frigorífico, Nacional, Queijo, Categoria Referência SFCC",
        "Data_Coleta": "2025-06-01 02:02:16"
    },
    {
        "ID_Produto": "957541",
        "Categoria_Scraping": "frigorificos",
        "Nome": "Queijo de Cabra Pequeno",
        "Marca": "Côvo",
        "Preco": 11.29,
        "Unidade_Info": "0.45 Kg | 25,09 €/Kg",
        "Categorias_GTM": "Categoria Referência SFCC, Frigorífico, Nacional, Queijo",
        "Data_Coleta": "2025-06-01 02:02:26"
    },
    {
        "ID_Produto": "516607",
        "Categoria_Scraping": "frigorificos",
        "Nome": "Queijo de Cabra Quinta do Olival",
        "Marca": "Quinta do Olival",
        "Preco": 20.98,
        "Unidade_Info": "0.85 Kg",
        "Categorias_GTM": "Categoria Referência SFCC, Frigorífico, Nacional, Queijo",
        "Data_Coleta": "2025-06-01 02:02:26"
    },
    {
        "ID_Produto": "488261",
        "Categoria_Scraping": "frigorificos",
        "Nome": "Queijo de Meio Gordo Paiva",
        "Marca": "Paiva",
        "Preco": 9.99,
        "Unidade_Info": "1.2 Kg",
        "Categorias_GTM": "Categoria Referência SFCC, Fatiado e Bola, Frigorífico, Queijo, Poupe Esta Semana",
        "Data_Coleta": "2025-06-01 02:02:26"
    },
    {
        "ID_Produto": "965466",
        "Categoria_Scraping": "frigorificos",
        "Nome": "Queijo de Mistura",
        "Marca": "Santiago",
        "Preco": 1.75,
        "Unidade_Info": "0.09 Kg | 19,44 €/Kg",
        "Categorias_GTM": "Frigorífico, Nacional, Queijo, Categoria Referência SFCC",
        "Data_Coleta": "2025-06-01 02:02:26"
    },
    {
        "ID_Produto": "643153",
        "Categoria_Scraping": "frigorificos",
        "Nome": "Queijo de Mistura",
        "Marca": "Três Igrejas",
        "Preco": 6.99,
        "Unidade_Info": "0.45 Kg | 15,53 €/Kg",
        "Categorias_GTM": "Categoria Referência SFCC, Frigorífico, Nacional, Queijo, Poupe Esta Semana",
        "Data_Coleta": "2025-06-01 02:02:26"
    },
    {
        "ID_Produto": "454632",
        "Categoria_Scraping": "frigorificos",
        "Nome": "Queijo de Mistura 2 Meses de Cura Três Igrejas",
        "Marca": "Três Igrejas",
        "Preco": 15.98,
        "Unidade_Info": "0.95 Kg",
        "Categorias_GTM": "Categoria Referência SFCC, Frigorífico, Nacional, Queijo",
        "Data_Coleta": "2025-06-01 02:02:26"
    },
    {
        "ID_Produto": "567091",
        "Categoria_Scraping": "frigorificos",
        "Nome": "Queijo de Mistura à Cabreira Sabores da Soalheira",
        "Marca": "Sabores da Soalheira",
        "Preco": 14.68,
        "Unidade_Info": "0.95 Kg",
        "Categorias_GTM": "Categoria Referência SFCC, Frigorífico, Nacional, Queijo",
        "Data_Coleta": "2025-06-01 02:02:26"
    },
    {
        "ID_Produto": "894096",
        "Categoria_Scraping": "frigorificos",
        "Nome": "Queijo de Mistura Curado Pequeno",
        "Marca": "Serras de Penela",
        "Preco": 3.55,
        "Unidade_Info": "0.25 Kg | 14,2 €/Kg",
        "Categorias_GTM": "Frigorífico, Nacional, Queijo, Categoria Referência SFCC, Poupe Esta Semana",
        "Data_Coleta": "2025-06-01 02:02:26"
    },
    {
        "ID_Produto": "957540",
        "Categoria_Scraping": "frigorificos",
        "Nome": "Queijo de Mistura Pequeno",
        "Marca": "Alvelhe",
        "Preco": 6.79,
        "Unidade_Info": "0.45 Kg | 15,09 €/Kg",
        "Categorias_GTM": "Categoria Referência SFCC, Fatiado e Bola, Frigorífico, Queijo",
        "Data_Coleta": "2025-06-01 02:02:26"
    },
    {
        "ID_Produto": "736195",
        "Categoria_Scraping": "frigorificos",
        "Nome": "Queijo de Mistura Regional",
        "Marca": "Saloio",
        "Preco": 3.78,
        "Unidade_Info": "0.19 Kg | 19,89 €/Kg",
        "Categorias_GTM": "Categoria Referência SFCC, Frigorífico, Nacional, Queijo",
        "Data_Coleta": "2025-06-01 02:02:26"
    },
    {
        "ID_Produto": "942491",
        "Categoria_Scraping": "frigorificos",
        "Nome": "Queijo de Mistura Tábua Clássico",
        "Marca": "Santiago",
        "Preco": 6.99,
        "Unidade_Info": "0.27 Kg | 25,89 €/Kg",
        "Categorias_GTM": "Categoria Referência SFCC, Frigorífico, Nacional, Queijo",
        "Data_Coleta": "2025-06-01 02:02:26"
    },
    {
        "ID_Produto": "942490",
        "Categoria_Scraping": "frigorificos",
        "Nome": "Queijo de Mistura Tábua Sabores",
        "Marca": "Santiago",
        "Preco": 3.99,
        "Unidade_Info": "0.27 Kg | 14,78 €/Kg",
        "Categorias_GTM": "Categoria Referência SFCC, Frigorífico, Nacional, Queijo, Poupe Este Fim De Semana",
        "Data_Coleta": "2025-06-01 02:02:26"
    },
    {
        "ID_Produto": "902661",
        "Categoria_Scraping": "frigorificos",
        "Nome": "Queijo de Ovelha 12 Meses de Cura",
        "Marca": "Serramonte",
        "Preco": 22.99,
        "Unidade_Info": "1.5 Kg",
        "Categorias_GTM": "Frigorífico, Nacional, Queijo, Categoria Referência SFCC, Poupe Esta Semana",
        "Data_Coleta": "2025-06-01 02:02:36"
    },
    {
        "ID_Produto": "941558",
        "Categoria_Scraping": "frigorificos",
        "Nome": "Queijo de Ovelha Amanteigado",
        "Marca": "Pastor Serrano",
        "Preco": 11.99,
        "Unidade_Info": "0.5 Kg | 23,98 €/Kg",
        "Categorias_GTM": "Frigorífico, Nacional, Queijo, Categoria Referência SFCC",
        "Data_Coleta": "2025-06-01 02:02:36"
    },
    {
        "ID_Produto": "763190",
        "Categoria_Scraping": "frigorificos",
        "Nome": "Queijo de Ovelha Amanteigado (Pequeno)",
        "Marca": "Lagos",
        "Preco": 4.99,
        "Unidade_Info": "0.225 Kg | 22,18 €/Kg",
        "Categorias_GTM": "Categoria Referência SFCC, Frigorífico, Nacional, Queijo, Poupe Esta Semana",
        "Data_Coleta": "2025-06-01 02:02:36"
    },
    {
        "ID_Produto": "740543",
        "Categoria_Scraping": "frigorificos",
        "Nome": "Queijo de Ovelha Curado",
        "Marca": "Pastor da Beira Alta",
        "Preco": 19.29,
        "Unidade_Info": "1.1 Kg",
        "Categorias_GTM": "Categoria Referência SFCC, Frigorífico, Nacional, Queijo, Poupe Este Fim De Semana",
        "Data_Coleta": "2025-06-01 02:02:36"
    },
    {
        "ID_Produto": "941452",
        "Categoria_Scraping": "frigorificos",
        "Nome": "Queijo de Ovelha Curado Amanteigado Grande",
        "Marca": "Lagos",
        "Preco": 14.99,
        "Unidade_Info": "0.8 Kg | 18,74 €/Kg",
        "Categorias_GTM": "Frigorífico, Nacional, Queijo, Categoria Referência SFCC",
        "Data_Coleta": "2025-06-01 02:02:36"
    },
    {
        "ID_Produto": "667823",
        "Categoria_Scraping": "frigorificos",
        "Nome": "Queijo de Ovelha Curado de Seia Lagos",
        "Marca": "Lagos",
        "Preco": 9.79,
        "Unidade_Info": "0.45 Kg | 21,76 €/Kg",
        "Categorias_GTM": "Poupe Esta Semana, Categoria Referência SFCC, Promoções, Frigorífico, Nacional",
        "Data_Coleta": "2025-06-01 02:02:36"
    },
    {
        "ID_Produto": "878393",
        "Categoria_Scraping": "frigorificos",
        "Nome": "Queijo de Ovelha e Cabra",
        "Marca": "Almeida",
        "Preco": 19.99,
        "Unidade_Info": "1 Kg",
        "Categorias_GTM": "Fatiado e Bola, Frigorífico, Queijo, Poupe Esta Semana, Promoções",
        "Data_Coleta": "2025-06-01 02:02:36"
    },
    {
        "ID_Produto": "304367",
        "Categoria_Scraping": "frigorificos",
        "Nome": "Queijo de Ovelha Grande Tavares",
        "Marca": "Seia do Tavares",
        "Preco": 18.85,
        "Unidade_Info": "1.05 Kg",
        "Categorias_GTM": "Frigorífico, Nacional, Queijo, Categoria Referência SFCC, Poupe Esta Semana",
        "Data_Coleta": "2025-06-01 02:02:36"
    },
    {
        "ID_Produto": "903706",
        "Categoria_Scraping": "frigorificos",
        "Nome": "Queijo de Ovelha Médio",
        "Marca": "Seia do Tavares",
        "Preco": 11.99,
        "Unidade_Info": "0.55 Kg | 21,8 €/Kg",
        "Categorias_GTM": "Frigorífico, Nacional, Queijo, Categoria Referência SFCC",
        "Data_Coleta": "2025-06-01 02:02:36"
    },
    {
        "ID_Produto": "889196",
        "Categoria_Scraping": "frigorificos",
        "Nome": "Queijo de Prato Amanteigado",
        "Marca": "D. Pedro",
        "Preco": 9.99,
        "Unidade_Info": "1.15 Kg",
        "Categorias_GTM": "Promoções, Fatiado e Bola, Frigorífico, Queijo, Categoria Referência SFCC",
        "Data_Coleta": "2025-06-01 02:02:36"
    },
    {
        "ID_Produto": "745001",
        "Categoria_Scraping": "frigorificos",
        "Nome": "Queijo de Prato Amanteigado",
        "Marca": "Paiva",
        "Preco": 7.29,
        "Unidade_Info": "0.48 Kg | 15,19 €/Kg",
        "Categorias_GTM": "Categoria Referência SFCC, Fatiado e Bola, Frigorífico, Queijo",
        "Data_Coleta": "2025-06-01 02:02:36"
    },
    {
        "ID_Produto": "159096",
        "Categoria_Scraping": "frigorificos",
        "Nome": "Queijo de Prato Amanteigado Inteiro",
        "Marca": "Paiva",
        "Preco": 9.99,
        "Unidade_Info": "1.1 Kg",
        "Categorias_GTM": "Fatiado e Bola, Frigorífico, Queijo, Categoria Referência SFCC, Poupe Esta Semana",
        "Data_Coleta": "2025-06-01 02:02:36"
    },
    {
        "ID_Produto": "924733",
        "Categoria_Scraping": "frigorificos",
        "Nome": "Queijo de Prato Meio Gordo Apimentado",
        "Marca": "D. Pedro",
        "Preco": 9.99,
        "Unidade_Info": "1.15 Kg",
        "Categorias_GTM": "Promoções, Fatiado e Bola, Frigorífico, Queijo, Categoria Referência SFCC",
        "Data_Coleta": "2025-06-01 02:02:46"
    },
    {
        "ID_Produto": "591264",
        "Categoria_Scraping": "frigorificos",
        "Nome": "Queijo de Prato Meio Gordo Queijaria das Pousadas",
        "Marca": "Queijaria das Pousadas",
        "Preco": 9.89,
        "Unidade_Info": "1.1 Kg",
        "Categorias_GTM": "Promoções, Categoria Referência SFCC, Frigorífico, Queijo, Fatiado e Bola",
        "Data_Coleta": "2025-06-01 02:02:46"
    },
    {
        "ID_Produto": "413177",
        "Categoria_Scraping": "frigorificos",
        "Nome": "Queijo de Prato Misto Vaca e Ovelha Alvelhe",
        "Marca": "Alvelhe",
        "Preco": 13.09,
        "Unidade_Info": "1.1 Kg",
        "Categorias_GTM": "Fatiado e Bola, Frigorífico, Queijo, Categoria Referência SFCC",
        "Data_Coleta": "2025-06-01 02:02:46"
    },
    {
        "ID_Produto": "957538",
        "Categoria_Scraping": "frigorificos",
        "Nome": "Queijo de Vaca",
        "Marca": "Cinco Pontes",
        "Preco": 4.99,
        "Unidade_Info": "0.45 Kg | 11,09 €/Kg",
        "Categorias_GTM": "Categoria Referência SFCC, Fatiado e Bola, Frigorífico, Queijo, Poupe Esta Semana",
        "Data_Coleta": "2025-06-01 02:02:46"
    },
    {
        "ID_Produto": "966670",
        "Categoria_Scraping": "frigorificos",
        "Nome": "Queijo de Vaca Amanteigado",
        "Marca": "Limiano",
        "Preco": 6.99,
        "Unidade_Info": "0.45 Kg | 15,53 €/Kg",
        "Categorias_GTM": "Fatiado e Bola, Frigorífico, Queijo, Categoria Referência SFCC",
        "Data_Coleta": "2025-06-01 02:02:46"
    },
    {
        "ID_Produto": "984602",
        "Categoria_Scraping": "frigorificos",
        "Nome": "Queijo de Vaca Amanteigado",
        "Marca": "Castelões",
        "Preco": 7.69,
        "Unidade_Info": "0.48 Kg | 16,02 €/Kg",
        "Categorias_GTM": "Fatiado e Bola, Frigorífico, Queijo, Categoria Referência SFCC",
        "Data_Coleta": "2025-06-01 02:02:46"
    },
    {
        "ID_Produto": "980936",
        "Categoria_Scraping": "frigorificos",
        "Nome": "Queijo de Vaca Amanteigado",
        "Marca": "Alavão",
        "Preco": 6.79,
        "Unidade_Info": "0.4 Kg | 16,97 €/Kg",
        "Categorias_GTM": "Fatiado e Bola, Frigorífico, Queijo, Categoria Referência SFCC",
        "Data_Coleta": "2025-06-01 02:02:46"
    },
    {
        "ID_Produto": "880538",
        "Categoria_Scraping": "frigorificos",
        "Nome": "Queijo de Vaca e Ovelha",
        "Marca": "Serras de Penela",
        "Preco": 4.19,
        "Unidade_Info": "0.27 Kg | 15,52 €/Kg",
        "Categorias_GTM": "Frigorífico, Nacional, Queijo, Categoria Referência SFCC, Poupe Esta Semana",
        "Data_Coleta": "2025-06-01 02:02:46"
    },
    {
        "ID_Produto": "923489",
        "Categoria_Scraping": "frigorificos",
        "Nome": "Queijo de Vaca e Ovelha Meio Gordo sem Casca",
        "Marca": "Limiano",
        "Preco": 6.99,
        "Unidade_Info": "0.45 Kg | 15,53 €/Kg",
        "Categorias_GTM": "Frigorífico, Nacional, Queijo, Categoria Referência SFCC",
        "Data_Coleta": "2025-06-01 02:02:46"
    },
    {
        "ID_Produto": "938698",
        "Categoria_Scraping": "frigorificos",
        "Nome": "Queijo dos Açores",
        "Marca": "Milhafre",
        "Preco": 9.99,
        "Unidade_Info": "0.2 Kg",
        "Categorias_GTM": "Categoria Referência SFCC, Fatiado e Bola, Frigorífico, Queijo",
        "Data_Coleta": "2025-06-01 02:02:46"
    },
    {
        "ID_Produto": "861168",
        "Categoria_Scraping": "frigorificos",
        "Nome": "Queijo Edam Fatiado",
        "Marca": "CAMPAINHA",
        "Preco": 1.59,
        "Unidade_Info": "0.15 Kg | 10,6 €/Kg",
        "Categorias_GTM": "Fatiado e Bola, Frigorífico, Poupe Esta Semana, Promoções",
        "Data_Coleta": "2025-06-01 02:02:46"
    },
    {
        "ID_Produto": "617263",
        "Categoria_Scraping": "frigorificos",
        "Nome": "Queijo Flamengo 1/4",
        "Marca": "Primor",
        "Preco": 3.89,
        "Unidade_Info": "0.35 Kg | 11,11 €/Kg",
        "Categorias_GTM": "Fatiado e Bola, Frigorífico, Queijo, Categoria Referência SFCC",
        "Data_Coleta": "2025-06-01 02:02:46"
    },
    {
        "ID_Produto": "59202",
        "Categoria_Scraping": "frigorificos",
        "Nome": "Queijo Flamengo Bola Fatiado ao Balcão",
        "Marca": "Primor",
        "Preco": 10.29,
        "Unidade_Info": "1.44 Kg",
        "Categorias_GTM": "Categoria Referência SFCC, Fatiado e Bola, Frigorífico, Queijo",
        "Data_Coleta": "2025-06-01 02:02:57"
    },
    {
        "ID_Produto": "647200",
        "Categoria_Scraping": "frigorificos",
        "Nome": "Queijo Flamengo Bola Pequena Fatiado ao Balcão",
        "Marca": "Limiano",
        "Preco": 6.89,
        "Unidade_Info": "0.6 Kg | 11,48 €/Kg",
        "Categorias_GTM": "Categoria Referência SFCC, Fatiado e Bola, Frigorífico, Queijo",
        "Data_Coleta": "2025-06-01 02:02:57"
    },
    {
        "ID_Produto": "757649",
        "Categoria_Scraping": "frigorificos",
        "Nome": "Queijo Fresco de Vaca",
        "Marca": "Tété",
        "Preco": 1.54,
        "Unidade_Info": "0.16 Kg | 9,63 €/Kg",
        "Categorias_GTM": "Categoria Referência SFCC, Fresco e Requeijão, Frigorífico, Queijo",
        "Data_Coleta": "2025-06-01 02:02:57"
    },
    {
        "ID_Produto": "735507",
        "Categoria_Scraping": "frigorificos",
        "Nome": "Queijo Fresco de Vaca",
        "Marca": "MONTIQUEIJO",
        "Preco": 1.19,
        "Unidade_Info": "0.2 Kg | 5,95 €/Kg",
        "Categorias_GTM": "Fresco e Requeijão, Frigorífico, Queijo, Poupe Esta Semana, Promoções",
        "Data_Coleta": "2025-06-01 02:02:57"
    },
    {
        "ID_Produto": "889011",
        "Categoria_Scraping": "frigorificos",
        "Nome": "Queijo Fresco de Vaca Magro",
        "Marca": "Santiago",
        "Preco": 0.65,
        "Unidade_Info": "0.08 Kg | 8,13 €/Kg",
        "Categorias_GTM": "Fresco e Requeijão, Frigorífico, Queijo, Categoria Referência SFCC, Poupe Esta Semana",
        "Data_Coleta": "2025-06-01 02:02:57"
    },
    {
        "ID_Produto": "978342",
        "Categoria_Scraping": "frigorificos",
        "Nome": "Queijo Fresco de Vaca Sem Lactose",
        "Marca": "Santiago",
        "Preco": 0.65,
        "Unidade_Info": "0.08 Kg | 8,13 €/Kg",
        "Categorias_GTM": "Fresco e Requeijão, Frigorífico, Queijo, Categoria Referência SFCC, Poupe Esta Semana",
        "Data_Coleta": "2025-06-01 02:02:57"
    },
    {
        "ID_Produto": "956515",
        "Categoria_Scraping": "frigorificos",
        "Nome": "Queijo Fundido Light Porções",
        "Marca": "A Vaca que ri",
        "Preco": 1.99,
        "Unidade_Info": "0.125 Kg | 15,92 €/Kg",
        "Categorias_GTM": "Categoria Referência SFCC, Frigorífico, Queijo, Snacks de Queijo",
        "Data_Coleta": "2025-06-01 02:02:57"
    },
    {
        "ID_Produto": "747487",
        "Categoria_Scraping": "frigorificos",
        "Nome": "Queijo Fundido Palitos",
        "Marca": "A Vaca que ri",
        "Preco": 0.89,
        "Unidade_Info": "0.035 Un | 25,43 €/Un",
        "Categorias_GTM": "Categoria Referência SFCC, Frigorífico, Queijo, Snacks de Queijo",
        "Data_Coleta": "2025-06-01 02:02:57"
    },
    {
        "ID_Produto": "956514",
        "Categoria_Scraping": "frigorificos",
        "Nome": "Queijo Fundido Porções",
        "Marca": "A Vaca que ri",
        "Preco": 1.99,
        "Unidade_Info": "0.125 Kg | 15,92 €/Kg",
        "Categorias_GTM": "Categoria Referência SFCC, Frigorífico, Queijo, Snacks de Queijo",
        "Data_Coleta": "2025-06-01 02:02:57"
    },
    {
        "ID_Produto": "861169",
        "Categoria_Scraping": "frigorificos",
        "Nome": "Queijo Gouda Fatiado",
        "Marca": "CAMPAINHA",
        "Preco": 1.59,
        "Unidade_Info": "0.15 Kg | 10,6 €/Kg",
        "Categorias_GTM": "Fatiado e Bola, Frigorífico, Categoria Referência SFCC, Poupe Este Fim De Semana, Poupe Esta Semana",
        "Data_Coleta": "2025-06-01 02:02:57"
    },
    {
        "ID_Produto": "577509",
        "Categoria_Scraping": "frigorificos",
        "Nome": "Queijo Mascarpone",
        "Marca": "Galbani",
        "Preco": 4.29,
        "Unidade_Info": "0.25 Kg | 17,16 €/Kg",
        "Categorias_GTM": "Estrangeiro, Frigorífico, Queijo",
        "Data_Coleta": "2025-06-01 02:02:57"
    },
    {
        "ID_Produto": "840029",
        "Categoria_Scraping": "frigorificos",
        "Nome": "Queijo Meio Gordo",
        "Marca": "Fonte Mourisca",
        "Preco": 13.45,
        "Unidade_Info": "1.1 Kg",
        "Categorias_GTM": "Categoria Referência SFCC, Fatiado e Bola, Frigorífico, Queijo",
        "Data_Coleta": "2025-06-01 02:02:57"
    },
    {
        "ID_Produto": "942271",
        "Categoria_Scraping": "frigorificos",
        "Nome": "Queijo Mozzarella Crocante",
        "Marca": "Galbani",
        "Preco": 3.49,
        "Unidade_Info": "0.15 Kg | 23,27 €/Kg",
        "Categorias_GTM": "Categoria Referência SFCC, Frigorífico, Refeições",
        "Data_Coleta": "2025-06-01 02:03:07"
    },
    {
        "ID_Produto": "590024",
        "Categoria_Scraping": "frigorificos",
        "Nome": "Queijo Mozzarella Mini",
        "Marca": "Galbani",
        "Preco": 2.99,
        "Unidade_Info": "0.15 Kg | 19,93 €/Kg",
        "Categorias_GTM": "Estrangeiro, Frigorífico, Queijo, Categoria Referência SFCC",
        "Data_Coleta": "2025-06-01 02:03:07"
    },
    {
        "ID_Produto": "648583",
        "Categoria_Scraping": "frigorificos",
        "Nome": "Queijo para Barrar com Ervas",
        "Marca": "Philadelphia",
        "Preco": 2.49,
        "Unidade_Info": "0.15 Kg | 16,6 €/Kg",
        "Categorias_GTM": "Categoria Referência SFCC, Para Barrar, Frigorífico, Queijo",
        "Data_Coleta": "2025-06-01 02:03:07"
    },
    {
        "ID_Produto": "882417",
        "Categoria_Scraping": "frigorificos",
        "Nome": "Queijo Raclette Fatiago",
        "Marca": "Ermitage",
        "Preco": 5.69,
        "Unidade_Info": "0.4 Kg | 14,23 €/Kg",
        "Categorias_GTM": "Estrangeiro, Frigorífico, Queijo, Categoria Referência SFCC",
        "Data_Coleta": "2025-06-01 02:03:07"
    },
    {
        "ID_Produto": "877325",
        "Categoria_Scraping": "frigorificos",
        "Nome": "Requeijão de Ovelha de Seia",
        "Marca": "Lagos",
        "Preco": 2.29,
        "Unidade_Info": "1 Un | 2,29 €/Un",
        "Categorias_GTM": "Fresco e Requeijão, Frigorífico, Queijo, Categoria Referência SFCC",
        "Data_Coleta": "2025-06-01 02:03:07"
    },
    {
        "ID_Produto": "882313",
        "Categoria_Scraping": "frigorificos",
        "Nome": "Sobremesa Creme de Chocolate",
        "Marca": "Danet Danone",
        "Preco": 1.97,
        "Unidade_Info": "0.4 Kg | 4,93 €/Kg",
        "Categorias_GTM": "Frigorífico, Sobremesas, Promoções, Categoria Referência SFCC, Poupe Esta Semana",
        "Data_Coleta": "2025-06-01 02:03:07"
    },
    {
        "ID_Produto": "857333",
        "Categoria_Scraping": "frigorificos",
        "Nome": "Sobremesa Láctea de Baunilha",
        "Marca": "Danet Danone",
        "Preco": 1.97,
        "Unidade_Info": "0.5 Kg | 3,94 €/Kg",
        "Categorias_GTM": "Promoções, Frigorífico, Sobremesas, Categoria Referência SFCC, Poupe Esta Semana",
        "Data_Coleta": "2025-06-01 02:03:07"
    },
    {
        "ID_Produto": "869776",
        "Categoria_Scraping": "frigorificos",
        "Nome": "Sobremesa Láctea de Caramelo",
        "Marca": "Danet Danone",
        "Preco": 1.97,
        "Unidade_Info": "0.5 Kg | 3,94 €/Kg",
        "Categorias_GTM": "Promoções, Categoria Referência SFCC, Sobremesas, Frigorífico, Poupe Esta Semana",
        "Data_Coleta": "2025-06-01 02:03:07"
    },
    {
        "ID_Produto": "936180",
        "Categoria_Scraping": "frigorificos",
        "Nome": "Tagliatelle",
        "Marca": "Rana",
        "Preco": 1.89,
        "Unidade_Info": "0.25 Kg | 7,56 €/Kg",
        "Categorias_GTM": "Categoria Referência SFCC, Frigorífico, Massas e Outros",
        "Data_Coleta": "2025-06-01 02:03:07"
    },
    {
        "ID_Produto": "969982",
        "Categoria_Scraping": "frigorificos",
        "Nome": "Tiras de Frango",
        "Marca": "Serrano",
        "Preco": 2.39,
        "Unidade_Info": "0.14 Kg | 17,07 €/Kg",
        "Categorias_GTM": "Frigorífico, Refeições, Categoria Referência SFCC",
        "Data_Coleta": "2025-06-01 02:03:07"
    },
    {
        "ID_Produto": "990902",
        "Categoria_Scraping": "frigorificos",
        "Nome": "Tortellini Bolonhesa",
        "Marca": "Pingo Doce",
        "Preco": 1.79,
        "Unidade_Info": "0.25 Kg | 7,16 €/Kg",
        "Categorias_GTM": "As Nossas Marcas, Frigorífico, Pingo Doce, Refeições, Categoria Referência SFCC",
        "Data_Coleta": "2025-06-01 02:03:07"
    },
    {
        "ID_Produto": "966869",
        "Categoria_Scraping": "frigorificos",
        "Nome": "Tortellini com Presunto",
        "Marca": "Mamma Emiliana",
        "Preco": 1.79,
        "Unidade_Info": "0.25 Kg | 7,16 €/Kg",
        "Categorias_GTM": "Frigorífico, Refeições, Categoria Referência SFCC",
        "Data_Coleta": "2025-06-01 02:03:07"
    },
    {
        "ID_Produto": "17539",
        "Categoria_Scraping": "frigorificos",
        "Nome": "Tortellini de Cogumelos",
        "Marca": "Rana",
        "Preco": 3.79,
        "Unidade_Info": "0.25 Kg | 15,16 €/Kg",
        "Categorias_GTM": "Frigorífico, Massas e Outros, Categoria Referência SFCC",
        "Data_Coleta": "2025-06-01 02:03:18"
    },
    {
        "ID_Produto": "960075",
        "Categoria_Scraping": "frigorificos",
        "Nome": "Tortilha de Batata com Cebola",
        "Marca": "Palacios",
        "Preco": 2.89,
        "Unidade_Info": "0.6 Kg | 4,82 €/Kg",
        "Categorias_GTM": "Frigorífico, Refeições, Categoria Referência SFCC",
        "Data_Coleta": "2025-06-01 02:03:18"
    },
    {
        "ID_Produto": "963313",
        "Categoria_Scraping": "frigorificos",
        "Nome": "Yofu Soja Coco",
        "Marca": "Alpro",
        "Preco": 1.99,
        "Unidade_Info": "0.4 Kg | 4,97 €/Kg",
        "Categorias_GTM": "Alternativas Vegetais, Frigorífico, Iogurtes, Categoria Referência SFCC, Promoções",
        "Data_Coleta": "2025-06-01 02:03:18"
    },
    {
        "ID_Produto": "957184",
        "Categoria_Scraping": "frigorificos",
        "Nome": "Yofu Soja Exótico Estilo Skyr",
        "Marca": "Alpro",
        "Preco": 2.54,
        "Unidade_Info": "0.4 Kg | 6,35 €/Kg",
        "Categorias_GTM": "Categoria Referência SFCC, Frigorífico, Iogurtes, Proteicos, Poupe Este Fim De Semana",
        "Data_Coleta": "2025-06-01 02:03:18"
    },
    {
        "ID_Produto": "963315",
        "Categoria_Scraping": "frigorificos",
        "Nome": "Yofu Soja Natural sem Açúcar",
        "Marca": "Alpro",
        "Preco": 1.99,
        "Unidade_Info": "0.4 Kg | 4,97 €/Kg",
        "Categorias_GTM": "Alternativas Vegetais, Frigorífico, Iogurtes, Categoria Referência SFCC, Poupe Este Fim De Semana",
        "Data_Coleta": "2025-06-01 02:03:18"
    },
    {
        "ID_Produto": "473047006",
        "Categoria_Scraping": "frigorificos",
        "Nome": "Yofu Soja Pedaços Framboesa Pack 4",
        "Marca": "Alpro",
        "Preco": 2.54,
        "Unidade_Info": "0.5 Kg | 5,08 €/Kg",
        "Categorias_GTM": "Promoções, Categoria Referência SFCC, Alternativas Vegetais, Frigorífico, Iogurtes",
        "Data_Coleta": "2025-06-01 02:03:18"
    },
    {
        "ID_Produto": "473047010",
        "Categoria_Scraping": "frigorificos",
        "Nome": "Yofu Soja Pedaços Pêssego e Frutos Exóticos Pack 4",
        "Marca": "Alpro",
        "Preco": 2.54,
        "Unidade_Info": "0.5 Kg | 5,08 €/Kg",
        "Categorias_GTM": "Promoções, Categoria Referência SFCC, Alternativas Vegetais, Frigorífico, Iogurtes",
        "Data_Coleta": "2025-06-01 02:03:18"
    },
    {
        "ID_Produto": "868788",
        "Categoria_Scraping": "bebidas",
        "Nome": "Água sem Gás Garrafão",
        "Marca": "Pingo Doce",
        "Preco": 0.84,
        "Unidade_Info": "6 L | 0,14 €/L",
        "Categorias_GTM": "Água, Água sem Gás, Bebidas, As Nossas Marcas, Pingo Doce",
        "Data_Coleta": "2025-06-01 02:04:12"
    },
    {
        "ID_Produto": "598441",
        "Categoria_Scraping": "bebidas",
        "Nome": "Água sem Gás Pack 6",
        "Marca": "Pingo Doce",
        "Preco": 1.68,
        "Unidade_Info": "6 x1.5 L | 0,19 €/L",
        "Categorias_GTM": "Categoria Referência SFCC, Água, Água sem Gás, Bebidas, As Nossas Marcas",
        "Data_Coleta": "2025-06-01 02:04:12"
    },
    {
        "ID_Produto": "889319",
        "Categoria_Scraping": "bebidas",
        "Nome": "Água com Gás Pack 6",
        "Marca": "Pedras Salgadas",
        "Preco": 2.89,
        "Unidade_Info": "6 x0.33 L | 1,46 €/L",
        "Categorias_GTM": "Poupe Esta Semana, Categoria Referência SFCC, Água, Água com Gás, Bebidas",
        "Data_Coleta": "2025-06-01 02:04:12"
    },
    {
        "ID_Produto": "747773",
        "Categoria_Scraping": "bebidas",
        "Nome": "Água sem Gás Garrafão",
        "Marca": "Luso",
        "Preco": 1.59,
        "Unidade_Info": "5.4 L | 0,29 €/L",
        "Categorias_GTM": "Categoria Referência SFCC, Promoções, Água, Água sem Gás, Bebidas",
        "Data_Coleta": "2025-06-01 02:04:12"
    },
    {
        "ID_Produto": "691908",
        "Categoria_Scraping": "bebidas",
        "Nome": "Água sem Gás Garrafão",
        "Marca": "Fastio",
        "Preco": 1.49,
        "Unidade_Info": "6 L | 0,25 €/L",
        "Categorias_GTM": "Categoria Referência SFCC, Água, Água sem Gás, Bebidas, Poupe Este Fim De Semana",
        "Data_Coleta": "2025-06-01 02:04:12"
    },
    {
        "ID_Produto": "590570",
        "Categoria_Scraping": "bebidas",
        "Nome": "Cerveja com Álcool Mini Pack 24",
        "Marca": "Super Bock",
        "Preco": 9.99,
        "Unidade_Info": "4.8 L | 2,08 €/L",
        "Categorias_GTM": "Poupe Esta Semana, Categoria Referência SFCC, Bebidas, Cerveja, Nacional",
        "Data_Coleta": "2025-06-01 02:04:12"
    },
    {
        "ID_Produto": "843702",
        "Categoria_Scraping": "bebidas",
        "Nome": "Cerveja com Álcool Mini Pack 30",
        "Marca": "Super Bock",
        "Preco": 13.85,
        "Unidade_Info": "7.5 L | 1,85 €/L",
        "Categorias_GTM": "Categoria Referência SFCC, Bebidas, Cerveja, Nacional",
        "Data_Coleta": "2025-06-01 02:04:12"
    },
    {
        "ID_Produto": "754412",
        "Categoria_Scraping": "bebidas",
        "Nome": "Cerveja com Álcool Mini Pack 30",
        "Marca": "Sagres",
        "Preco": 13.85,
        "Unidade_Info": "7.5 L | 1,85 €/L",
        "Categorias_GTM": "Bebidas, Cerveja, Nacional, Categoria Referência SFCC",
        "Data_Coleta": "2025-06-01 02:04:12"
    },
    {
        "ID_Produto": "846157",
        "Categoria_Scraping": "bebidas",
        "Nome": "Refrigerante com Gás Cola Zero Pack 2",
        "Marca": "Coca-Cola",
        "Preco": 3.69,
        "Unidade_Info": "2 x1.75 L | 1,05 €/L",
        "Categorias_GTM": "Categoria Referência SFCC, Bebidas, Refrigerantes com Gás, Refrigerantes",
        "Data_Coleta": "2025-06-01 02:04:12"
    },
    {
        "ID_Produto": "943775",
        "Categoria_Scraping": "bebidas",
        "Nome": "Água com Gás Pack 6",
        "Marca": "Pedras Salgadas",
        "Preco": 4.99,
        "Unidade_Info": "6 x1 L | 0,83 €/L",
        "Categorias_GTM": "Categoria Referência SFCC, Poupe Esta Semana, Água, Água com Gás, Bebidas",
        "Data_Coleta": "2025-06-01 02:04:12"
    },
    {
        "ID_Produto": "52631",
        "Categoria_Scraping": "bebidas",
        "Nome": "Água Monchique Alcalina Pack 6",
        "Marca": "Monchique",
        "Preco": 3.99,
        "Unidade_Info": "6 x1.5 L | 0,44 €/L",
        "Categorias_GTM": "Categoria Referência SFCC, Água, Água sem Gás, Bebidas",
        "Data_Coleta": "2025-06-01 02:04:12"
    },
    {
        "ID_Produto": "700041",
        "Categoria_Scraping": "bebidas",
        "Nome": "Água sem Gás Pack 6",
        "Marca": "Luso",
        "Preco": 3.99,
        "Unidade_Info": "6 x1.5 L | 0,44 €/L",
        "Categorias_GTM": "Categoria Referência SFCC, Água, Água sem Gás, Bebidas",
        "Data_Coleta": "2025-06-01 02:04:12"
    },
    {
        "ID_Produto": "534504",
        "Categoria_Scraping": "bebidas",
        "Nome": "Água sem Gás Pack 6",
        "Marca": "Luso",
        "Preco": 2.99,
        "Unidade_Info": "6 x0.5 L | 1 €/L",
        "Categorias_GTM": "Categoria Referência SFCC, Água, Água sem Gás, Bebidas",
        "Data_Coleta": "2025-06-01 02:04:26"
    },
    {
        "ID_Produto": "816890",
        "Categoria_Scraping": "bebidas",
        "Nome": "Água sem Gás Pack 6",
        "Marca": "Vitalis",
        "Preco": 2.69,
        "Unidade_Info": "6 x1.5 L | 0,3 €/L",
        "Categorias_GTM": "Poupe Esta Semana, Categoria Referência SFCC, Água, Água sem Gás, Bebidas",
        "Data_Coleta": "2025-06-01 02:04:26"
    },
    {
        "ID_Produto": "859727",
        "Categoria_Scraping": "bebidas",
        "Nome": "Néctar 8 Frutos Pack 6",
        "Marca": "Um Bongo",
        "Preco": 2.29,
        "Unidade_Info": "1.2 L | 1,91 €/L",
        "Categorias_GTM": "Bebidas, Sumos e Néctares, Categoria Referência SFCC, Poupe Este Fim De Semana, Poupe Esta Semana",
        "Data_Coleta": "2025-06-01 02:04:26"
    },
    {
        "ID_Produto": "720074",
        "Categoria_Scraping": "bebidas",
        "Nome": "Néctar Laranja do Algarve",
        "Marca": "Compal Origens",
        "Preco": 1.99,
        "Unidade_Info": "1 L | 1,99 €/L",
        "Categorias_GTM": "Categoria Referência SFCC, Bebidas, Sumos e Néctares",
        "Data_Coleta": "2025-06-01 02:04:26"
    },
    {
        "ID_Produto": "846156",
        "Categoria_Scraping": "bebidas",
        "Nome": "Refrigerante com Gás Cola Pack 2",
        "Marca": "Coca-Cola",
        "Preco": 4.19,
        "Unidade_Info": "2 x1.75 L | 1,2 €/L",
        "Categorias_GTM": "Categoria Referência SFCC, Bebidas, Refrigerantes com Gás, Refrigerantes",
        "Data_Coleta": "2025-06-01 02:04:26"
    },
    {
        "ID_Produto": "720920",
        "Categoria_Scraping": "bebidas",
        "Nome": "Refrigerante com Gás Cola Zero Lata Pack 6",
        "Marca": "Coca-Cola",
        "Preco": 4.79,
        "Unidade_Info": "6 x0.33 L | 2,42 €/L",
        "Categorias_GTM": "Categoria Referência SFCC, Bebidas, Refrigerantes com Gás, Refrigerantes",
        "Data_Coleta": "2025-06-01 02:04:26"
    },
    {
        "ID_Produto": "921800",
        "Categoria_Scraping": "bebidas",
        "Nome": "Sumo Espremido Laranja",
        "Marca": "Pingo Doce",
        "Preco": 1.79,
        "Unidade_Info": "1 L | 1,79 €/L",
        "Categorias_GTM": "As Nossas Marcas, Pingo Doce, Bebidas, Smoothies e Sumos Refrigerados, Categoria Referência SFCC",
        "Data_Coleta": "2025-06-01 02:04:26"
    },
    {
        "ID_Produto": "507008",
        "Categoria_Scraping": "bebidas",
        "Nome": "Água com Gás Limão Pack 4",
        "Marca": "Pedras Salgadas",
        "Preco": 2.19,
        "Unidade_Info": "4 x0.25 L | 2,19 €/L",
        "Categorias_GTM": "Categoria Referência SFCC, Promoções, Água, Água com Gás, Bebidas",
        "Data_Coleta": "2025-06-01 02:04:26"
    },
    {
        "ID_Produto": "383382",
        "Categoria_Scraping": "bebidas",
        "Nome": "Água com Gás Limão Pack 4",
        "Marca": "Frize",
        "Preco": 2.09,
        "Unidade_Info": "4 x0.25 L | 2,09 €/L",
        "Categorias_GTM": "Água, Água com Gás, Bebidas, Poupe Esta Semana, Promoções",
        "Data_Coleta": "2025-06-01 02:04:26"
    },
    {
        "ID_Produto": "738612",
        "Categoria_Scraping": "bebidas",
        "Nome": "Água com Gás Pack 6",
        "Marca": "Pingo Doce",
        "Preco": 1.39,
        "Unidade_Info": "6 x0.25 L | 0,93 €/L",
        "Categorias_GTM": "Categoria Referência SFCC, Água, Água com Gás, Bebidas, As Nossas Marcas",
        "Data_Coleta": "2025-06-01 02:04:26"
    },
    {
        "ID_Produto": "328663",
        "Categoria_Scraping": "bebidas",
        "Nome": "Água com Gás Pack 6",
        "Marca": "Castello",
        "Preco": 3.25,
        "Unidade_Info": "6 x0.25 L | 2,17 €/L",
        "Categorias_GTM": "Água, Água com Gás, Bebidas, Categoria Referência SFCC",
        "Data_Coleta": "2025-06-01 02:04:26"
    },
    {
        "ID_Produto": "984806",
        "Categoria_Scraping": "bebidas",
        "Nome": "Água com Gás Pack 6",
        "Marca": "Pedras Salgadas",
        "Preco": 2.95,
        "Unidade_Info": "6 x0.33 L | 1,49 €/L",
        "Categorias_GTM": "Água, Água com Gás, Bebidas, Promoções, Poupe Esta Semana",
        "Data_Coleta": "2025-06-01 02:04:26"
    },
    {
        "ID_Produto": "699569",
        "Categoria_Scraping": "bebidas",
        "Nome": "Água Mineral",
        "Marca": "Pingo Doce",
        "Preco": 0.17,
        "Unidade_Info": "0.5 L | 0,34 €/L",
        "Categorias_GTM": "Categoria Referência SFCC, Água, Água sem Gás, Bebidas, As Nossas Marcas",
        "Data_Coleta": "2025-06-01 02:04:32"
    },
    {
        "ID_Produto": "923977",
        "Categoria_Scraping": "bebidas",
        "Nome": "Água sem Gás Alcalina",
        "Marca": "Monchique",
        "Preco": 0.89,
        "Unidade_Info": "0.72 L | 1,24 €/L",
        "Categorias_GTM": "Água, Água sem Gás, Bebidas, Categoria Referência SFCC",
        "Data_Coleta": "2025-06-01 02:04:32"
    },
    {
        "ID_Produto": "923978",
        "Categoria_Scraping": "bebidas",
        "Nome": "Água sem Gás Alcalina Box",
        "Marca": "Monchique",
        "Preco": 3.89,
        "Unidade_Info": "10 L | 0,39 €/L",
        "Categorias_GTM": "Água, Água sem Gás, Bebidas, Categoria Referência SFCC",
        "Data_Coleta": "2025-06-01 02:04:32"
    },
    {
        "ID_Produto": "920790",
        "Categoria_Scraping": "bebidas",
        "Nome": "Água sem Gás Alcalina Garrafão",
        "Marca": "Monchique",
        "Preco": 1.49,
        "Unidade_Info": "5 L | 0,3 €/L",
        "Categorias_GTM": "Água, Água sem Gás, Bebidas, Categoria Referência SFCC",
        "Data_Coleta": "2025-06-01 02:04:32"
    },
    {
        "ID_Produto": "633777",
        "Categoria_Scraping": "bebidas",
        "Nome": "Água sem Gás Family",
        "Marca": "Fastio",
        "Preco": 1.09,
        "Unidade_Info": "2.5 L | 0,44 €/L",
        "Categorias_GTM": "Categoria Referência SFCC, Água, Água sem Gás, Bebidas, Poupe Esta Semana",
        "Data_Coleta": "2025-06-01 02:04:32"
    },
    {
        "ID_Produto": "531030",
        "Categoria_Scraping": "bebidas",
        "Nome": "Água sem Gás Pack 4",
        "Marca": "Fastio",
        "Preco": 2.19,
        "Unidade_Info": "4 x1.5 L | 0,37 €/L",
        "Categorias_GTM": "Categoria Referência SFCC, Poupe Esta Semana, Promoções, Água, Água sem Gás",
        "Data_Coleta": "2025-06-01 02:04:32"
    },
    {
        "ID_Produto": "826004",
        "Categoria_Scraping": "bebidas",
        "Nome": "Cerveja com Álcool Lata",
        "Marca": "Super Bock",
        "Preco": 0.59,
        "Unidade_Info": "0.33 L | 1,79 €/L",
        "Categorias_GTM": "Categoria Referência SFCC, Bebidas, Cerveja, Nacional",
        "Data_Coleta": "2025-06-01 02:04:32"
    },
    {
        "ID_Produto": "484905",
        "Categoria_Scraping": "bebidas",
        "Nome": "Cerveja com Álcool Lata",
        "Marca": "Cergal",
        "Preco": 0.39,
        "Unidade_Info": "0.33 L | 1,18 €/L",
        "Categorias_GTM": "Categoria Referência SFCC, Bebidas, Cerveja, Nacional",
        "Data_Coleta": "2025-06-01 02:04:32"
    },
    {
        "ID_Produto": "60636",
        "Categoria_Scraping": "bebidas",
        "Nome": "Cerveja com Álcool Lata",
        "Marca": "Sagres",
        "Preco": 0.59,
        "Unidade_Info": "0.33 L | 1,79 €/L",
        "Categorias_GTM": "Categoria Referência SFCC, Bebidas, Cerveja, Nacional",
        "Data_Coleta": "2025-06-01 02:04:32"
    },
    {
        "ID_Produto": "614673",
        "Categoria_Scraping": "bebidas",
        "Nome": "Cerveja com Álcool Mini Pack 15",
        "Marca": "Super Bock",
        "Preco": 6.99,
        "Unidade_Info": "3 L | 2,33 €/L",
        "Categorias_GTM": "Categoria Referência SFCC, Bebidas, Cerveja, Nacional",
        "Data_Coleta": "2025-06-01 02:04:32"
    },
    {
        "ID_Produto": "942996",
        "Categoria_Scraping": "bebidas",
        "Nome": "Cerveja com Álcool Mini Pack 15",
        "Marca": "Sagres",
        "Preco": 7.99,
        "Unidade_Info": "3.75 L | 2,13 €/L",
        "Categorias_GTM": "Categoria Referência SFCC, Bebidas, Cerveja, Nacional",
        "Data_Coleta": "2025-06-01 02:04:32"
    },
    {
        "ID_Produto": "840092",
        "Categoria_Scraping": "bebidas",
        "Nome": "Cerveja com Álcool Pack 24",
        "Marca": "Heineken",
        "Preco": 14.99,
        "Unidade_Info": "6 L | 2,5 €/L",
        "Categorias_GTM": "Bebidas, Cerveja, Estrangeira, Categoria Referência SFCC",
        "Data_Coleta": "2025-06-01 02:04:32"
    },
    {
        "ID_Produto": "759625",
        "Categoria_Scraping": "bebidas",
        "Nome": "Ice Tea Limão",
        "Marca": "Pingo Doce",
        "Preco": 1.19,
        "Unidade_Info": "2 L | 0,6 €/L",
        "Categorias_GTM": "Categoria Referência SFCC, Bebidas, Ice Tea, As Nossas Marcas, Pingo Doce",
        "Data_Coleta": "2025-06-01 02:04:37"
    },
    {
        "ID_Produto": "619152",
        "Categoria_Scraping": "bebidas",
        "Nome": "Ice Tea Limão",
        "Marca": "Lipton",
        "Preco": 2.39,
        "Unidade_Info": "2 L | 1,2 €/L",
        "Categorias_GTM": "Poupe Esta Semana, Categoria Referência SFCC, Promoções, Bebidas, Ice Tea",
        "Data_Coleta": "2025-06-01 02:04:37"
    },
    {
        "ID_Produto": "740862",
        "Categoria_Scraping": "bebidas",
        "Nome": "Ice Tea Pêssego",
        "Marca": "Pingo Doce",
        "Preco": 1.19,
        "Unidade_Info": "2 L | 0,6 €/L",
        "Categorias_GTM": "Bebidas, Ice Tea, As Nossas Marcas, Pingo Doce, Categoria Referência SFCC",
        "Data_Coleta": "2025-06-01 02:04:37"
    },
    {
        "ID_Produto": "874239",
        "Categoria_Scraping": "bebidas",
        "Nome": "Ice Tea Pêssego",
        "Marca": "Pingo Doce",
        "Preco": 1.14,
        "Unidade_Info": "1.5 L | 0,76 €/L",
        "Categorias_GTM": "As Nossas Marcas, Pingo Doce, Categoria Referência SFCC, Bebidas, Ice Tea",
        "Data_Coleta": "2025-06-01 02:04:37"
    },
    {
        "ID_Produto": "619153",
        "Categoria_Scraping": "bebidas",
        "Nome": "Ice Tea Pêssego",
        "Marca": "Lipton",
        "Preco": 2.39,
        "Unidade_Info": "2 L | 1,2 €/L",
        "Categorias_GTM": "Promoções, Categoria Referência SFCC, Bebidas, Ice Tea, Poupe Esta Semana",
        "Data_Coleta": "2025-06-01 02:04:37"
    },
    {
        "ID_Produto": "697207",
        "Categoria_Scraping": "bebidas",
        "Nome": "Néctar 8 Frutos",
        "Marca": "Um Bongo",
        "Preco": 1.35,
        "Unidade_Info": "1 L | 1,35 €/L",
        "Categorias_GTM": "Categoria Referência SFCC, Bebidas, Sumos e Néctares, Poupe Esta Semana, Promoções",
        "Data_Coleta": "2025-06-01 02:04:37"
    },
    {
        "ID_Produto": "920482",
        "Categoria_Scraping": "bebidas",
        "Nome": "Néctar de 8 Frutos Pack 6",
        "Marca": "Pingo Doce",
        "Preco": 1.49,
        "Unidade_Info": "6 x0.208 L | 1,19 €/L",
        "Categorias_GTM": "As Nossas Marcas, Pingo Doce, Categoria Referência SFCC, Bebidas, Sumos e Néctares",
        "Data_Coleta": "2025-06-01 02:04:37"
    },
    {
        "ID_Produto": "15035",
        "Categoria_Scraping": "bebidas",
        "Nome": "Néctar Manga e Laranja Vital Equilíbrio",
        "Marca": "Compal Vital Equilíbrio",
        "Preco": 1.26,
        "Unidade_Info": "1 L | 1,26 €/L",
        "Categorias_GTM": "Bebidas, Sumos e Néctares, Categoria Referência SFCC, Poupe Esta Semana, Promoções",
        "Data_Coleta": "2025-06-01 02:04:37"
    },
    {
        "ID_Produto": "959685",
        "Categoria_Scraping": "bebidas",
        "Nome": "Néctar Manga e Maracujá",
        "Marca": "Compal Família",
        "Preco": 0.99,
        "Unidade_Info": "1 L | 0,99 €/L",
        "Categorias_GTM": "Bebidas, Sumos e Néctares, Categoria Referência SFCC",
        "Data_Coleta": "2025-06-01 02:04:37"
    },
    {
        "ID_Produto": "445228",
        "Categoria_Scraping": "bebidas",
        "Nome": "Néctar Maracujá",
        "Marca": "Compal Clássico",
        "Preco": 1.99,
        "Unidade_Info": "1 L | 1,99 €/L",
        "Categorias_GTM": "Bebidas, Sumos e Néctares, Categoria Referência SFCC",
        "Data_Coleta": "2025-06-01 02:04:37"
    },
    {
        "ID_Produto": "926595",
        "Categoria_Scraping": "bebidas",
        "Nome": "Néctar Tutti Frutti Pack 6",
        "Marca": "Compal Clássico",
        "Preco": 2.29,
        "Unidade_Info": "1.2 L | 1,91 €/L",
        "Categorias_GTM": "Bebidas, Sumos e Néctares, Poupe Esta Semana, Categoria Referência SFCC, Promoções",
        "Data_Coleta": "2025-06-01 02:04:37"
    },
    {
        "ID_Produto": "834037",
        "Categoria_Scraping": "bebidas",
        "Nome": "Refrigerante com Gás Cola",
        "Marca": "Coca-Cola",
        "Preco": 1.5,
        "Unidade_Info": "1 L | 1,5 €/L",
        "Categorias_GTM": "Bebidas, Refrigerantes com Gás, Refrigerantes, Categoria Referência SFCC",
        "Data_Coleta": "2025-06-01 02:04:37"
    },
    {
        "ID_Produto": "701546",
        "Categoria_Scraping": "bebidas",
        "Nome": "Refrigerante com Gás Cola Mini Lata Pack 12",
        "Marca": "Coca-Cola",
        "Preco": 7.8,
        "Unidade_Info": "12 x0.15 L | 4,33 €/L",
        "Categorias_GTM": "Categoria Referência SFCC, Bebidas, Refrigerantes com Gás, Refrigerantes",
        "Data_Coleta": "2025-06-01 02:04:43"
    },
    {
        "ID_Produto": "922602",
        "Categoria_Scraping": "bebidas",
        "Nome": "Refrigerante com Gás Cola Pack 6",
        "Marca": "Coca-Cola",
        "Preco": 4.99,
        "Unidade_Info": "6 x0.33 L | 2,52 €/L",
        "Categorias_GTM": "Categoria Referência SFCC, Bebidas, Refrigerantes com Gás, Refrigerantes",
        "Data_Coleta": "2025-06-01 02:04:43"
    },
    {
        "ID_Produto": "886631",
        "Categoria_Scraping": "bebidas",
        "Nome": "Refrigerante com Gás Cola Zero",
        "Marca": "Pepsi",
        "Preco": 1.69,
        "Unidade_Info": "1.75 L | 0,97 €/L",
        "Categorias_GTM": "Bebidas, Refrigerantes com Gás, Refrigerantes, Categoria Referência SFCC",
        "Data_Coleta": "2025-06-01 02:04:43"
    },
    {
        "ID_Produto": "984864",
        "Categoria_Scraping": "bebidas",
        "Nome": "Refrigerante com Gás Cola Zero",
        "Marca": "Pingo Doce",
        "Preco": 0.79,
        "Unidade_Info": "2 L | 0,4 €/L",
        "Categorias_GTM": "Bebidas, Refrigerantes com Gás, Refrigerantes, As Nossas Marcas, Pingo Doce",
        "Data_Coleta": "2025-06-01 02:04:43"
    },
    {
        "ID_Produto": "869636",
        "Categoria_Scraping": "bebidas",
        "Nome": "Refrigerante com Gás Cola Zero Mini Lata Pack 12",
        "Marca": "Coca-Cola",
        "Preco": 7.2,
        "Unidade_Info": "12 x0.15 L | 4 €/L",
        "Categorias_GTM": "Bebidas, Refrigerantes com Gás, Refrigerantes, Categoria Referência SFCC",
        "Data_Coleta": "2025-06-01 02:04:43"
    },
    {
        "ID_Produto": "887289",
        "Categoria_Scraping": "bebidas",
        "Nome": "Refrigerante com Gás Lima Limão Zero Açúcar",
        "Marca": "Seven Up",
        "Preco": 1.69,
        "Unidade_Info": "1.75 L | 0,97 €/L",
        "Categorias_GTM": "Bebidas, Refrigerantes com Gás, Refrigerantes, Categoria Referência SFCC, Poupe Esta Semana",
        "Data_Coleta": "2025-06-01 02:04:43"
    },
    {
        "ID_Produto": "822437",
        "Categoria_Scraping": "bebidas",
        "Nome": "Sumo 100% Laranja",
        "Marca": "Pingo Doce",
        "Preco": 2.79,
        "Unidade_Info": "1.5 L | 1,86 €/L",
        "Categorias_GTM": "As Nossas Marcas, Pingo Doce, Bebidas, Sumos e Néctares, Categoria Referência SFCC",
        "Data_Coleta": "2025-06-01 02:04:43"
    },
    {
        "ID_Produto": "729646",
        "Categoria_Scraping": "bebidas",
        "Nome": "Sumo 100% Maçã",
        "Marca": "Pingo Doce",
        "Preco": 1.29,
        "Unidade_Info": "1.5 L | 0,86 €/L",
        "Categorias_GTM": "As Nossas Marcas, Pingo Doce, Categoria Referência SFCC, Sumos e Néctares, Bebidas",
        "Data_Coleta": "2025-06-01 02:04:43"
    },
    {
        "ID_Produto": "596158",
        "Categoria_Scraping": "bebidas",
        "Nome": "Sumo 100% Maçã Pack 6",
        "Marca": "Pingo Doce",
        "Preco": 1.49,
        "Unidade_Info": "6 x0.2 L | 1,24 €/L",
        "Categorias_GTM": "Categoria Referência SFCC, Bebidas, Sumos e Néctares, As Nossas Marcas, Pingo Doce",
        "Data_Coleta": "2025-06-01 02:04:43"
    },
    {
        "ID_Produto": "822459",
        "Categoria_Scraping": "bebidas",
        "Nome": "Sumo 100% Tropical",
        "Marca": "Pingo Doce",
        "Preco": 1.79,
        "Unidade_Info": "1.5 L | 1,19 €/L",
        "Categorias_GTM": "As Nossas Marcas, Pingo Doce, Sumos e Néctares, Bebidas, Categoria Referência SFCC",
        "Data_Coleta": "2025-06-01 02:04:43"
    },
    {
        "ID_Produto": "38885",
        "Categoria_Scraping": "bebidas",
        "Nome": "Sumo de Maçã 100%",
        "Marca": "Compal 100% Fruta",
        "Preco": 1.49,
        "Unidade_Info": "1 L | 1,49 €/L",
        "Categorias_GTM": "Bebidas, Sumos e Néctares, Categoria Referência SFCC, Poupe Este Fim De Semana, Promoções",
        "Data_Coleta": "2025-06-01 02:04:43"
    },
    {
        "ID_Produto": "746880",
        "Categoria_Scraping": "bebidas",
        "Nome": "Tisana Chá Verde e Limão Light",
        "Marca": "Pleno",
        "Preco": 1.59,
        "Unidade_Info": "1.5 L | 1,06 €/L",
        "Categorias_GTM": "Categoria Referência SFCC, Água, Aromatizada e Tisanas, Bebidas, Poupe Esta Semana",
        "Data_Coleta": "2025-06-01 02:04:43"
    },
    {
        "ID_Produto": "62804",
        "Categoria_Scraping": "bebidas",
        "Nome": "Vinho Branco Douro Planalto Reserva",
        "Marca": "Planalto",
        "Preco": 5.49,
        "Unidade_Info": "0.75 L | 7,32 €/L",
        "Categorias_GTM": "Douro, Bebidas, Vinho Branco, Categoria Referência SFCC",
        "Data_Coleta": "2025-06-01 02:04:49"
    },
    {
        "ID_Produto": "559197",
        "Categoria_Scraping": "bebidas",
        "Nome": "Vinho Branco Pingo Doce",
        "Marca": "Pingo Doce",
        "Preco": 0.85,
        "Unidade_Info": "1 L | 0,85 €/L",
        "Categorias_GTM": "Corrente, As Nossas Marcas, Pingo Doce, Categoria Referência SFCC, Bebidas",
        "Data_Coleta": "2025-06-01 02:04:49"
    },
    {
        "ID_Produto": "748799",
        "Categoria_Scraping": "bebidas",
        "Nome": "Vinho Tinto Castelo de Pias",
        "Marca": "Castelo de Pias",
        "Preco": 5.99,
        "Unidade_Info": "5 L | 1,2 €/L",
        "Categorias_GTM": "Bebidas, Corrente, Vinho Tinto, Poupe Esta Semana, Categoria Referência SFCC",
        "Data_Coleta": "2025-06-01 02:04:49"
    },
    {
        "ID_Produto": "62468",
        "Categoria_Scraping": "bebidas",
        "Nome": "Vinho Tinto Douro Esteva",
        "Marca": "Esteva",
        "Preco": 5.49,
        "Unidade_Info": "0.75 L | 7,32 €/L",
        "Categorias_GTM": "Categoria Referência SFCC, Bebidas, Douro, Vinho Tinto",
        "Data_Coleta": "2025-06-01 02:04:49"
    },
    {
        "ID_Produto": "698741",
        "Categoria_Scraping": "bebidas",
        "Nome": "Vinho Tinto Douro Papa Figos",
        "Marca": "Papa Figos",
        "Preco": 7.99,
        "Unidade_Info": "0.75 L | 10,65 €/L",
        "Categorias_GTM": "Categoria Referência SFCC, Bebidas, Douro, Vinho Tinto",
        "Data_Coleta": "2025-06-01 02:04:49"
    },
    {
        "ID_Produto": "943772",
        "Categoria_Scraping": "bebidas",
        "Nome": "Água com Gás Ananás Pack 4",
        "Marca": "Frize",
        "Preco": 2.09,
        "Unidade_Info": "4 x0.25 L | 2,09 €/L",
        "Categorias_GTM": "Categoria Referência SFCC, Promoções, Poupe Este Fim De Semana, Poupe Esta Semana, Água",
        "Data_Coleta": "2025-06-01 02:04:49"
    },
    {
        "ID_Produto": "974255",
        "Categoria_Scraping": "bebidas",
        "Nome": "Água com Gás Limão Lata",
        "Marca": "Pedras Salgadas",
        "Preco": 0.75,
        "Unidade_Info": "0.33 L | 2,27 €/L",
        "Categorias_GTM": "Promoções, Água, Água com Gás, Bebidas, Poupe Esta Semana",
        "Data_Coleta": "2025-06-01 02:04:49"
    },
    {
        "ID_Produto": "517208",
        "Categoria_Scraping": "bebidas",
        "Nome": "Água com Gás Limão Pack 6",
        "Marca": "Pingo Doce",
        "Preco": 2.69,
        "Unidade_Info": "6 x0.25 L | 1,79 €/L",
        "Categorias_GTM": "Categoria Referência SFCC, Água, Água com Gás, Bebidas, As Nossas Marcas",
        "Data_Coleta": "2025-06-01 02:04:49"
    },
    {
        "ID_Produto": "881437",
        "Categoria_Scraping": "bebidas",
        "Nome": "Água com Gás Maracujá Pack 4",
        "Marca": "Pedras Salgadas",
        "Preco": 2.19,
        "Unidade_Info": "4 x0.25 L | 2,19 €/L",
        "Categorias_GTM": "Água, Água com Gás, Bebidas, Promoções, Poupe Esta Semana",
        "Data_Coleta": "2025-06-01 02:04:49"
    },
    {
        "ID_Produto": "453525",
        "Categoria_Scraping": "bebidas",
        "Nome": "Água com Gás Mineral Natural Pack 6",
        "Marca": "Vimeiro",
        "Preco": 3.64,
        "Unidade_Info": "6 x0.5 L | 1,21 €/L",
        "Categorias_GTM": "Categoria Referência SFCC, Água, Água com Gás, Bebidas, Poupe Este Fim De Semana",
        "Data_Coleta": "2025-06-01 02:04:49"
    },
    {
        "ID_Produto": "905567",
        "Categoria_Scraping": "bebidas",
        "Nome": "Água com Gás Pack 4",
        "Marca": "Pedras Salgadas",
        "Preco": 2.19,
        "Unidade_Info": "4 x0.25 L | 2,19 €/L",
        "Categorias_GTM": "Água, Água com Gás, Bebidas, Poupe Esta Semana, Categoria Referência SFCC",
        "Data_Coleta": "2025-06-01 02:04:49"
    },
    {
        "ID_Produto": "702428",
        "Categoria_Scraping": "bebidas",
        "Nome": "Água com Gás Pack 6",
        "Marca": "Vimeiro",
        "Preco": 3.45,
        "Unidade_Info": "6 x0.25 L | 2,3 €/L",
        "Categorias_GTM": "Categoria Referência SFCC, Bebidas, Água, Água com Gás",
        "Data_Coleta": "2025-06-01 02:04:49"
    },
    {
        "ID_Produto": "67110",
        "Categoria_Scraping": "bebidas",
        "Nome": "Aguardente Velha CR&F Reserva",
        "Marca": "CR&F",
        "Preco": 19.89,
        "Unidade_Info": "0.7 L | 28,41 €/L",
        "Categorias_GTM": "Categoria Referência SFCC, Bebidas, Outras Bebidas, Whisky e Espirituosas",
        "Data_Coleta": "2025-06-01 02:04:55"
    },
    {
        "ID_Produto": "512699",
        "Categoria_Scraping": "bebidas",
        "Nome": "Água sem Gás",
        "Marca": "Vitalis",
        "Preco": 0.33,
        "Unidade_Info": "0.5 L | 0,66 €/L",
        "Categorias_GTM": "Água, Água sem Gás, Bebidas, Categoria Referência SFCC, Promoções",
        "Data_Coleta": "2025-06-01 02:04:55"
    },
    {
        "ID_Produto": "982037",
        "Categoria_Scraping": "bebidas",
        "Nome": "Água sem Gás Alcalina Ionizada",
        "Marca": "Pingo Doce",
        "Preco": 0.49,
        "Unidade_Info": "1.5 L | 0,33 €/L",
        "Categorias_GTM": "As Nossas Marcas, Pingo Doce, Água, Água sem Gás, Bebidas",
        "Data_Coleta": "2025-06-01 02:04:55"
    },
    {
        "ID_Produto": "277250",
        "Categoria_Scraping": "bebidas",
        "Nome": "Água sem Gás Garrafa Pack 6",
        "Marca": "Fastio",
        "Preco": 2.34,
        "Unidade_Info": "6 x0.5 L | 0,78 €/L",
        "Categorias_GTM": "Água, Água sem Gás, Bebidas, Categoria Referência SFCC, Poupe Este Fim De Semana",
        "Data_Coleta": "2025-06-01 02:04:55"
    },
    {
        "ID_Produto": "396419",
        "Categoria_Scraping": "bebidas",
        "Nome": "Água sem Gás Pack 6",
        "Marca": "Luso",
        "Preco": 2.69,
        "Unidade_Info": "6 x0.33 L | 1,36 €/L",
        "Categorias_GTM": "Água, Água sem Gás, Bebidas, Categoria Referência SFCC",
        "Data_Coleta": "2025-06-01 02:04:55"
    },
    {
        "ID_Produto": "703724",
        "Categoria_Scraping": "bebidas",
        "Nome": "Água Tónica",
        "Marca": "Schweppes",
        "Preco": 2.09,
        "Unidade_Info": "1 L | 2,09 €/L",
        "Categorias_GTM": "Categoria Referência SFCC, Bebidas, Refrigerantes com Gás, Refrigerantes",
        "Data_Coleta": "2025-06-01 02:04:55"
    },
    {
        "ID_Produto": "905642",
        "Categoria_Scraping": "bebidas",
        "Nome": "Água Tónica Zero",
        "Marca": "Schweppes",
        "Preco": 2.09,
        "Unidade_Info": "1 L | 2,09 €/L",
        "Categorias_GTM": "Bebidas, Refrigerantes com Gás, Refrigerantes, Categoria Referência SFCC",
        "Data_Coleta": "2025-06-01 02:04:55"
    },
    {
        "ID_Produto": "692318",
        "Categoria_Scraping": "bebidas",
        "Nome": "Aperitivo Martini Rosso",
        "Marca": "Martini",
        "Preco": 9.59,
        "Unidade_Info": "0.75 L | 12,79 €/L",
        "Categorias_GTM": "Categoria Referência SFCC, Bebidas, Whisky e Espirituosas, Poupe Este Fim De Semana, Poupe Esta Semana",
        "Data_Coleta": "2025-06-01 02:04:55"
    },
    {
        "ID_Produto": "16709",
        "Categoria_Scraping": "bebidas",
        "Nome": "Cerveja com Álcool",
        "Marca": "Sagres",
        "Preco": 1.79,
        "Unidade_Info": "1 L | 1,79 €/L",
        "Categorias_GTM": "Promoções, Bebidas, Cerveja, Nacional, Poupe Este Fim De Semana",
        "Data_Coleta": "2025-06-01 02:04:55"
    },
    {
        "ID_Produto": "571495",
        "Categoria_Scraping": "bebidas",
        "Nome": "Cerveja com Álcool",
        "Marca": "Super Bock",
        "Preco": 1.79,
        "Unidade_Info": "1 L | 1,79 €/L",
        "Categorias_GTM": "Categoria Referência SFCC, Bebidas, Cerveja, Nacional",
        "Data_Coleta": "2025-06-01 02:04:55"
    },
    {
        "ID_Produto": "484903",
        "Categoria_Scraping": "bebidas",
        "Nome": "Cerveja com Álcool",
        "Marca": "Cergal",
        "Preco": 1.19,
        "Unidade_Info": "1 L | 1,19 €/L",
        "Categorias_GTM": "Bebidas, Cerveja, Nacional, Categoria Referência SFCC",
        "Data_Coleta": "2025-06-01 02:04:55"
    },
    {
        "ID_Produto": "60630",
        "Categoria_Scraping": "bebidas",
        "Nome": "Cerveja com Álcool Lata",
        "Marca": "Sagres",
        "Preco": 0.85,
        "Unidade_Info": "0.5 L | 1,7 €/L",
        "Categorias_GTM": "Bebidas, Cerveja, Nacional, Categoria Referência SFCC",
        "Data_Coleta": "2025-06-01 02:04:55"
    },
    {
        "ID_Produto": "773777",
        "Categoria_Scraping": "bebidas",
        "Nome": "Cerveja com Álcool Mini Pack 20",
        "Marca": "Sagres",
        "Preco": 10.49,
        "Unidade_Info": "5 L | 2,1 €/L",
        "Categorias_GTM": "Bebidas, Cerveja, Nacional, Categoria Referência SFCC",
        "Data_Coleta": "2025-06-01 02:05:01"
    },
    {
        "ID_Produto": "968926",
        "Categoria_Scraping": "bebidas",
        "Nome": "Cerveja com Álcool Mini Pack 6",
        "Marca": "Super Bock",
        "Preco": 3.29,
        "Unidade_Info": "6 x0.2 L | 2,74 €/L",
        "Categorias_GTM": "Bebidas, Cerveja, Nacional, Categoria Referência SFCC",
        "Data_Coleta": "2025-06-01 02:05:01"
    },
    {
        "ID_Produto": "721248",
        "Categoria_Scraping": "bebidas",
        "Nome": "Cerveja com Álcool Pack 10",
        "Marca": "Cergal",
        "Preco": 3.79,
        "Unidade_Info": "10 x0.25 L | 1,52 €/L",
        "Categorias_GTM": "Categoria Referência SFCC, Bebidas, Nacional, Cerveja",
        "Data_Coleta": "2025-06-01 02:05:01"
    },
    {
        "ID_Produto": "960041",
        "Categoria_Scraping": "bebidas",
        "Nome": "Cerveja com Álcool Pack 12",
        "Marca": "Super Bock",
        "Preco": 8.99,
        "Unidade_Info": "3.96 L | 2,27 €/L",
        "Categorias_GTM": "Bebidas, Cerveja, Nacional, Categoria Referência SFCC",
        "Data_Coleta": "2025-06-01 02:05:01"
    },
    {
        "ID_Produto": "483897",
        "Categoria_Scraping": "bebidas",
        "Nome": "Cerveja com Álcool Pack 24",
        "Marca": "Super Bock",
        "Preco": 17.49,
        "Unidade_Info": "7.92 L | 2,21 €/L",
        "Categorias_GTM": "Categoria Referência SFCC, Bebidas, Cerveja, Nacional",
        "Data_Coleta": "2025-06-01 02:05:01"
    },
    {
        "ID_Produto": "703860",
        "Categoria_Scraping": "bebidas",
        "Nome": "Cerveja com Álcool Pack 24",
        "Marca": "Carlsberg",
        "Preco": 12.99,
        "Unidade_Info": "6 L | 2,17 €/L",
        "Categorias_GTM": "Categoria Referência SFCC, Bebidas, Cerveja, Estrangeira",
        "Data_Coleta": "2025-06-01 02:05:01"
    },
    {
        "ID_Produto": "903700",
        "Categoria_Scraping": "bebidas",
        "Nome": "Cerveja com Álcool Stout Mini Pack 15",
        "Marca": "Super Bock",
        "Preco": 7.39,
        "Unidade_Info": "3 L | 2,46 €/L",
        "Categorias_GTM": "Bebidas, Cerveja, Nacional, Promoções, Poupe Esta Semana",
        "Data_Coleta": "2025-06-01 02:05:01"
    },
    {
        "ID_Produto": "880533",
        "Categoria_Scraping": "bebidas",
        "Nome": "Cerveja sem Álcool Pack 6",
        "Marca": "Heineken",
        "Preco": 4.49,
        "Unidade_Info": "6 x0.25 L | 2,99 €/L",
        "Categorias_GTM": "Bebidas, Cerveja, Sem Álcool, Categoria Referência SFCC",
        "Data_Coleta": "2025-06-01 02:05:01"
    },
    {
        "ID_Produto": "891762",
        "Categoria_Scraping": "bebidas",
        "Nome": "Cerveja sem Álcool Pack 6",
        "Marca": "Super Bock",
        "Preco": 4.49,
        "Unidade_Info": "6 x0.33 L | 2,27 €/L",
        "Categorias_GTM": "Cerveja, Bebidas, Sem Álcool, Poupe Este Fim De Semana, Poupe Esta Semana",
        "Data_Coleta": "2025-06-01 02:05:01"
    },
    {
        "ID_Produto": "858978",
        "Categoria_Scraping": "bebidas",
        "Nome": "Chá Verde Hortelã e Lima",
        "Marca": "Lipton",
        "Preco": 1.44,
        "Unidade_Info": "1 L | 1,44 €/L",
        "Categorias_GTM": "Bebidas, Ice Tea, Categoria Referência SFCC, Poupe Esta Semana, Promoções",
        "Data_Coleta": "2025-06-01 02:05:01"
    },
    {
        "ID_Produto": "843823",
        "Categoria_Scraping": "bebidas",
        "Nome": "Concentrado de Laranja",
        "Marca": "Sunquick",
        "Preco": 6.49,
        "Unidade_Info": "0.7 L | 9,27 €/L",
        "Categorias_GTM": "Categoria Referência SFCC, Bebidas, Sumos e Néctares",
        "Data_Coleta": "2025-06-01 02:05:01"
    },
    {
        "ID_Produto": "831510",
        "Categoria_Scraping": "bebidas",
        "Nome": "Gin Gordon's",
        "Marca": "Gordon's",
        "Preco": 13.99,
        "Unidade_Info": "0.7 L | 19,99 €/L",
        "Categorias_GTM": "N/A",
        "Data_Coleta": "2025-06-01 02:05:01"
    },
    {
        "ID_Produto": "100360",
        "Categoria_Scraping": "bebidas",
        "Nome": "Gin London Dry Tanqueray",
        "Marca": "Tanqueray",
        "Preco": 25.69,
        "Unidade_Info": "0.7 L | 36,7 €/L",
        "Categorias_GTM": "Bebidas, Vodka e Gin, Whisky e Espirituosas, Categoria Referência SFCC",
        "Data_Coleta": "2025-06-01 02:05:08"
    },
    {
        "ID_Produto": "874240",
        "Categoria_Scraping": "bebidas",
        "Nome": "Ice Tea Limão",
        "Marca": "Pingo Doce",
        "Preco": 1.14,
        "Unidade_Info": "1.5 L | 0,76 €/L",
        "Categorias_GTM": "As Nossas Marcas, Pingo Doce, Categoria Referência SFCC, Bebidas, Ice Tea",
        "Data_Coleta": "2025-06-01 02:05:08"
    },
    {
        "ID_Produto": "739292",
        "Categoria_Scraping": "bebidas",
        "Nome": "Ice Tea Limão Pack 6",
        "Marca": "Pingo Doce",
        "Preco": 1.19,
        "Unidade_Info": "6 x0.2 L | 0,99 €/L",
        "Categorias_GTM": "Categoria Referência SFCC, Bebidas, Ice Tea, As Nossas Marcas, Pingo Doce",
        "Data_Coleta": "2025-06-01 02:05:08"
    },
    {
        "ID_Produto": "907195",
        "Categoria_Scraping": "bebidas",
        "Nome": "Ice Tea Limão Zero Açúcar",
        "Marca": "Lipton",
        "Preco": 2.39,
        "Unidade_Info": "2 L | 1,2 €/L",
        "Categorias_GTM": "Bebidas, Ice Tea, Poupe Esta Semana, Promoções, Categoria Referência SFCC",
        "Data_Coleta": "2025-06-01 02:05:08"
    },
    {
        "ID_Produto": "619154",
        "Categoria_Scraping": "bebidas",
        "Nome": "Ice Tea Manga",
        "Marca": "Lipton",
        "Preco": 2.39,
        "Unidade_Info": "2 L | 1,2 €/L",
        "Categorias_GTM": "Categoria Referência SFCC, Bebidas, Ice Tea, Promoções, Poupe Este Fim De Semana",
        "Data_Coleta": "2025-06-01 02:05:08"
    },
    {
        "ID_Produto": "740861",
        "Categoria_Scraping": "bebidas",
        "Nome": "Ice Tea Manga",
        "Marca": "Pingo Doce",
        "Preco": 1.19,
        "Unidade_Info": "2 L | 0,6 €/L",
        "Categorias_GTM": "As Nossas Marcas, Pingo Doce, Categoria Referência SFCC, Bebidas, Ice Tea",
        "Data_Coleta": "2025-06-01 02:05:08"
    },
    {
        "ID_Produto": "874241",
        "Categoria_Scraping": "bebidas",
        "Nome": "Ice Tea Manga",
        "Marca": "Pingo Doce",
        "Preco": 1.14,
        "Unidade_Info": "1.5 L | 0,76 €/L",
        "Categorias_GTM": "As Nossas Marcas, Pingo Doce, Categoria Referência SFCC, Bebidas, Ice Tea",
        "Data_Coleta": "2025-06-01 02:05:08"
    },
    {
        "ID_Produto": "739293",
        "Categoria_Scraping": "bebidas",
        "Nome": "Ice Tea Manga Pack 6",
        "Marca": "Pingo Doce",
        "Preco": 1.19,
        "Unidade_Info": "6 x0.2 L | 0,99 €/L",
        "Categorias_GTM": "Categoria Referência SFCC, Bebidas, Ice Tea, As Nossas Marcas, Pingo Doce",
        "Data_Coleta": "2025-06-01 02:05:08"
    },
    {
        "ID_Produto": "813767",
        "Categoria_Scraping": "bebidas",
        "Nome": "Ice Tea Manga Zero Açúcar",
        "Marca": "Pingo Doce",
        "Preco": 0.89,
        "Unidade_Info": "2 L | 0,45 €/L",
        "Categorias_GTM": "As Nossas Marcas, Pingo Doce, Categoria Referência SFCC, Ice Tea, Bebidas",
        "Data_Coleta": "2025-06-01 02:05:08"
    },
    {
        "ID_Produto": "739157",
        "Categoria_Scraping": "bebidas",
        "Nome": "Ice Tea Pêssego Pack 6",
        "Marca": "Pingo Doce",
        "Preco": 1.19,
        "Unidade_Info": "6 x0.2 L | 0,99 €/L",
        "Categorias_GTM": "Categoria Referência SFCC, Bebidas, Ice Tea, As Nossas Marcas, Pingo Doce",
        "Data_Coleta": "2025-06-01 02:05:08"
    },
    {
        "ID_Produto": "885830",
        "Categoria_Scraping": "bebidas",
        "Nome": "Ice Tea Pêssego Zero Açúcar",
        "Marca": "Lipton",
        "Preco": 2.39,
        "Unidade_Info": "2 L | 1,2 €/L",
        "Categorias_GTM": "Promoções, Bebidas, Ice Tea, Poupe Esta Semana, Categoria Referência SFCC",
        "Data_Coleta": "2025-06-01 02:05:08"
    },
    {
        "ID_Produto": "814748",
        "Categoria_Scraping": "bebidas",
        "Nome": "Ice Tea Pêssego Zero Açúcar",
        "Marca": "Pingo Doce",
        "Preco": 0.89,
        "Unidade_Info": "2 L | 0,45 €/L",
        "Categorias_GTM": "As Nossas Marcas, Pingo Doce, Categoria Referência SFCC, Bebidas, Ice Tea",
        "Data_Coleta": "2025-06-01 02:05:08"
    },
    {
        "ID_Produto": "560438",
        "Categoria_Scraping": "bebidas",
        "Nome": "Licor Beirão",
        "Marca": "Beirão",
        "Preco": 13.49,
        "Unidade_Info": "0.7 L | 19,27 €/L",
        "Categorias_GTM": "Categoria Referência SFCC, Bebidas, Licores, Whisky e Espirituosas",
        "Data_Coleta": "2025-06-01 02:05:14"
    },
    {
        "ID_Produto": "813950",
        "Categoria_Scraping": "bebidas",
        "Nome": "Limonada Natural Light",
        "Marca": "Don Simon",
        "Preco": 1.49,
        "Unidade_Info": "1.5 L | 0,99 €/L",
        "Categorias_GTM": "Categoria Referência SFCC, Bebidas, Sumos e Néctares",
        "Data_Coleta": "2025-06-01 02:05:14"
    },
    {
        "ID_Produto": "690890",
        "Categoria_Scraping": "bebidas",
        "Nome": "Moscatel de Setúbal Pingo Doce",
        "Marca": "Pingo Doce",
        "Preco": 3.99,
        "Unidade_Info": "0.75 L | 5,32 €/L",
        "Categorias_GTM": "Categoria Referência SFCC, As Nossas Marcas, Pingo Doce, Bebidas, Moscatel e outros Vinhos",
        "Data_Coleta": "2025-06-01 02:05:14"
    },
    {
        "ID_Produto": "931161",
        "Categoria_Scraping": "bebidas",
        "Nome": "Néctar 8 Frutos Pack 3",
        "Marca": "Um Bongo",
        "Preco": 1.35,
        "Unidade_Info": "3 x0.2 L | 2,25 €/L",
        "Categorias_GTM": "Categoria Referência SFCC, Bebidas, Sumos e Néctares, Poupe Este Fim De Semana, Poupe Esta Semana",
        "Data_Coleta": "2025-06-01 02:05:14"
    },
    {
        "ID_Produto": "619207",
        "Categoria_Scraping": "bebidas",
        "Nome": "Néctar Ananás",
        "Marca": "Compal Clássico",
        "Preco": 1.49,
        "Unidade_Info": "1 L | 1,49 €/L",
        "Categorias_GTM": "Categoria Referência SFCC, Bebidas, Sumos e Néctares",
        "Data_Coleta": "2025-06-01 02:05:14"
    },
    {
        "ID_Produto": "697210",
        "Categoria_Scraping": "bebidas",
        "Nome": "Néctar Ananás e Coco",
        "Marca": "Compal Vital Equilíbrio",
        "Preco": 1.26,
        "Unidade_Info": "1 L | 1,26 €/L",
        "Categorias_GTM": "Categoria Referência SFCC, Bebidas, Sumos e Néctares, Poupe Esta Semana, Promoções",
        "Data_Coleta": "2025-06-01 02:05:14"
    },
    {
        "ID_Produto": "55519",
        "Categoria_Scraping": "bebidas",
        "Nome": "Néctar de Laranja, Cenoura e Manga Antiox",
        "Marca": "Compal Vital Equilíbrio",
        "Preco": 1.43,
        "Unidade_Info": "1 L | 1,43 €/L",
        "Categorias_GTM": "Categoria Referência SFCC, Bebidas, Sumos e Néctares, Poupe Esta Semana, Promoções",
        "Data_Coleta": "2025-06-01 02:05:14"
    },
    {
        "ID_Produto": "58927",
        "Categoria_Scraping": "bebidas",
        "Nome": "Néctar Equilíbrio de Laranja e Maracujá",
        "Marca": "Compal Vital Equilíbrio",
        "Preco": 1.26,
        "Unidade_Info": "1 L | 1,26 €/L",
        "Categorias_GTM": "Categoria Referência SFCC, Bebidas, Sumos e Néctares, Poupe Este Fim De Semana, Poupe Esta Semana",
        "Data_Coleta": "2025-06-01 02:05:14"
    },
    {
        "ID_Produto": "959566",
        "Categoria_Scraping": "bebidas",
        "Nome": "Néctar Frutas do Pomar",
        "Marca": "Compal Família",
        "Preco": 0.99,
        "Unidade_Info": "1 L | 0,99 €/L",
        "Categorias_GTM": "Bebidas, Sumos e Néctares, Categoria Referência SFCC",
        "Data_Coleta": "2025-06-01 02:05:14"
    },
    {
        "ID_Produto": "890686",
        "Categoria_Scraping": "bebidas",
        "Nome": "Néctar Frutos Vermelhos",
        "Marca": "Compal Clássico",
        "Preco": 1.49,
        "Unidade_Info": "1 L | 1,49 €/L",
        "Categorias_GTM": "Categoria Referência SFCC, Bebidas, Sumos e Néctares",
        "Data_Coleta": "2025-06-01 02:05:14"
    },
    {
        "ID_Produto": "889316",
        "Categoria_Scraping": "bebidas",
        "Nome": "Néctar Frutos Vermelhos",
        "Marca": "Pingo Doce",
        "Preco": 1.09,
        "Unidade_Info": "1 L | 1,09 €/L",
        "Categorias_GTM": "As Nossas Marcas, Pingo Doce, Categoria Referência SFCC, Sumos e Néctares, Bebidas",
        "Data_Coleta": "2025-06-01 02:05:14"
    },
    {
        "ID_Produto": "517787",
        "Categoria_Scraping": "bebidas",
        "Nome": "Néctar Frutos Vermelhos Antiox",
        "Marca": "Compal Vital Equilíbrio",
        "Preco": 1.43,
        "Unidade_Info": "1 L | 1,43 €/L",
        "Categorias_GTM": "Categoria Referência SFCC, Bebidas, Sumos e Néctares, Poupe Este Fim De Semana, Poupe Esta Semana",
        "Data_Coleta": "2025-06-01 02:05:14"
    },
    {
        "ID_Produto": "959567",
        "Categoria_Scraping": "bebidas",
        "Nome": "Néctar Laranja e Tangerina",
        "Marca": "Compal Família",
        "Preco": 1.19,
        "Unidade_Info": "1 L | 1,19 €/L",
        "Categorias_GTM": "Bebidas, Sumos e Néctares, Categoria Referência SFCC",
        "Data_Coleta": "2025-06-01 02:05:21"
    },
    {
        "ID_Produto": "889312",
        "Categoria_Scraping": "bebidas",
        "Nome": "Néctar Manga",
        "Marca": "Pingo Doce",
        "Preco": 1.05,
        "Unidade_Info": "1 L | 1,05 €/L",
        "Categorias_GTM": "As Nossas Marcas, Pingo Doce, Categoria Referência SFCC, Bebidas, Sumos e Néctares",
        "Data_Coleta": "2025-06-01 02:05:21"
    },
    {
        "ID_Produto": "317962",
        "Categoria_Scraping": "bebidas",
        "Nome": "Néctar Manga Clássico",
        "Marca": "Compal Clássico",
        "Preco": 1.19,
        "Unidade_Info": "1 L | 1,19 €/L",
        "Categorias_GTM": "Bebidas, Sumos e Néctares, Categoria Referência SFCC",
        "Data_Coleta": "2025-06-01 02:05:21"
    },
    {
        "ID_Produto": "930674",
        "Categoria_Scraping": "bebidas",
        "Nome": "Néctar Manga e Laranja Pack 3",
        "Marca": "Compal Vital Equilíbrio",
        "Preco": 1.35,
        "Unidade_Info": "3 x0.2 L | 2,25 €/L",
        "Categorias_GTM": "Bebidas, Sumos e Néctares, Categoria Referência SFCC, Poupe Este Fim De Semana, Poupe Esta Semana",
        "Data_Coleta": "2025-06-01 02:05:21"
    },
    {
        "ID_Produto": "712286",
        "Categoria_Scraping": "bebidas",
        "Nome": "Néctar Manga e Maracujá",
        "Marca": "Compal Vital Equilíbrio",
        "Preco": 1.26,
        "Unidade_Info": "1 L | 1,26 €/L",
        "Categorias_GTM": "Categoria Referência SFCC, Bebidas, Sumos e Néctares, Poupe Este Fim De Semana, Poupe Esta Semana",
        "Data_Coleta": "2025-06-01 02:05:21"
    },
    {
        "ID_Produto": "753739",
        "Categoria_Scraping": "bebidas",
        "Nome": "Néctar Manga Magdalena",
        "Marca": "Compal Origens",
        "Preco": 1.69,
        "Unidade_Info": "1 L | 1,69 €/L",
        "Categorias_GTM": "Categoria Referência SFCC, Bebidas, Sumos e Néctares",
        "Data_Coleta": "2025-06-01 02:05:21"
    },
    {
        "ID_Produto": "931528",
        "Categoria_Scraping": "bebidas",
        "Nome": "Néctar Manga Magdalena Pack 3",
        "Marca": "Compal Origens",
        "Preco": 1.79,
        "Unidade_Info": "3 x0.2 L | 2,98 €/L",
        "Categorias_GTM": "Categoria Referência SFCC, Bebidas, Sumos e Néctares",
        "Data_Coleta": "2025-06-01 02:05:21"
    },
    {
        "ID_Produto": "889292",
        "Categoria_Scraping": "bebidas",
        "Nome": "Néctar Maracujá, Maçã e Manga",
        "Marca": "Pingo Doce",
        "Preco": 1.09,
        "Unidade_Info": "1 L | 1,09 €/L",
        "Categorias_GTM": "As Nossas Marcas, Pingo Doce, Categoria Referência SFCC, Bebidas, Sumos e Néctares",
        "Data_Coleta": "2025-06-01 02:05:21"
    },
    {
        "ID_Produto": "61525",
        "Categoria_Scraping": "bebidas",
        "Nome": "Néctar Pera Rocha",
        "Marca": "Compal Clássico",
        "Preco": 1.49,
        "Unidade_Info": "1 L | 1,49 €/L",
        "Categorias_GTM": "Categoria Referência SFCC, Bebidas, Sumos e Néctares",
        "Data_Coleta": "2025-06-01 02:05:21"
    },
    {
        "ID_Produto": "61524",
        "Categoria_Scraping": "bebidas",
        "Nome": "Néctar Pêssego",
        "Marca": "Compal Clássico",
        "Preco": 1.19,
        "Unidade_Info": "1 L | 1,19 €/L",
        "Categorias_GTM": "Categoria Referência SFCC, Bebidas, Sumos e Néctares",
        "Data_Coleta": "2025-06-01 02:05:21"
    },
    {
        "ID_Produto": "926594",
        "Categoria_Scraping": "bebidas",
        "Nome": "Néctar Pêssego Pack 6",
        "Marca": "Compal Clássico",
        "Preco": 2.29,
        "Unidade_Info": "1.2 L | 1,91 €/L",
        "Categorias_GTM": "Bebidas, Sumos e Néctares, Promoções, Poupe Esta Semana, Categoria Referência SFCC",
        "Data_Coleta": "2025-06-01 02:05:21"
    },
    {
        "ID_Produto": "889313",
        "Categoria_Scraping": "bebidas",
        "Nome": "Néctar Polpa de Pêssego",
        "Marca": "Pingo Doce",
        "Preco": 0.99,
        "Unidade_Info": "1 L | 0,99 €/L",
        "Categorias_GTM": "As Nossas Marcas, Pingo Doce, Categoria Referência SFCC, Bebidas, Sumos e Néctares",
        "Data_Coleta": "2025-06-01 02:05:21"
    },
    {
        "ID_Produto": "61526",
        "Categoria_Scraping": "bebidas",
        "Nome": "Néctar Tutti Frutti",
        "Marca": "Compal Clássico",
        "Preco": 1.19,
        "Unidade_Info": "1 L | 1,19 €/L",
        "Categorias_GTM": "Categoria Referência SFCC, Bebidas, Sumos e Néctares",
        "Data_Coleta": "2025-06-01 02:05:27"
    },
    {
        "ID_Produto": "344221",
        "Categoria_Scraping": "bebidas",
        "Nome": "Refrigerante com Gás",
        "Marca": "Antarctica",
        "Preco": 1.79,
        "Unidade_Info": "1.5 L | 1,19 €/L",
        "Categorias_GTM": "Bebidas, Refrigerantes com Gás, Refrigerantes, Categoria Referência SFCC, Poupe Esta Semana",
        "Data_Coleta": "2025-06-01 02:05:27"
    },
    {
        "ID_Produto": "886630",
        "Categoria_Scraping": "bebidas",
        "Nome": "Refrigerante com Gás Cola",
        "Marca": "Pepsi",
        "Preco": 1.99,
        "Unidade_Info": "1.75 L | 1,14 €/L",
        "Categorias_GTM": "Bebidas, Refrigerantes com Gás, Refrigerantes, Categoria Referência SFCC",
        "Data_Coleta": "2025-06-01 02:05:27"
    },
    {
        "ID_Produto": "952997",
        "Categoria_Scraping": "bebidas",
        "Nome": "Refrigerante com Gás Cola Zero Açúcar Zero Cafeína",
        "Marca": "Coca-Cola",
        "Preco": 1.35,
        "Unidade_Info": "1 L | 1,35 €/L",
        "Categorias_GTM": "Categoria Referência SFCC, Bebidas, Refrigerantes com Gás, Refrigerantes",
        "Data_Coleta": "2025-06-01 02:05:27"
    },
    {
        "ID_Produto": "922053",
        "Categoria_Scraping": "bebidas",
        "Nome": "Refrigerante com Gás Cola Zero Açúcar Zero Cafeína",
        "Marca": "Coca-Cola",
        "Preco": 2.05,
        "Unidade_Info": "1.75 L | 1,17 €/L",
        "Categorias_GTM": "Categoria Referência SFCC, Refrigerantes com Gás, Refrigerantes, Bebidas",
        "Data_Coleta": "2025-06-01 02:05:27"
    },
    {
        "ID_Produto": "720921",
        "Categoria_Scraping": "bebidas",
        "Nome": "Refrigerante com Gás Cola Zero Açúcar Zero Cafeína Lata Pack 6",
        "Marca": "Coca-Cola",
        "Preco": 4.79,
        "Unidade_Info": "6 x0.33 L | 2,42 €/L",
        "Categorias_GTM": "Categoria Referência SFCC, Bebidas, Refrigerantes com Gás, Refrigerantes",
        "Data_Coleta": "2025-06-01 02:05:27"
    },
    {
        "ID_Produto": "922437",
        "Categoria_Scraping": "bebidas",
        "Nome": "Refrigerante com Gás Laranja Zero",
        "Marca": "Fanta",
        "Preco": 0.99,
        "Unidade_Info": "1.5 L | 0,66 €/L",
        "Categorias_GTM": "Categoria Referência SFCC, Bebidas, Refrigerantes com Gás, Refrigerantes, Poupe Esta Semana",
        "Data_Coleta": "2025-06-01 02:05:27"
    },
    {
        "ID_Produto": "984653",
        "Categoria_Scraping": "bebidas",
        "Nome": "Refrigerante com Gás Lima Limão",
        "Marca": "Pingo Doce",
        "Preco": 0.99,
        "Unidade_Info": "2 L | 0,5 €/L",
        "Categorias_GTM": "Bebidas, Refrigerantes com Gás, Refrigerantes, As Nossas Marcas, Pingo Doce",
        "Data_Coleta": "2025-06-01 02:05:27"
    },
    {
        "ID_Produto": "910501",
        "Categoria_Scraping": "bebidas",
        "Nome": "Refrigerante com Gás Lima Limão",
        "Marca": "Seven Up",
        "Preco": 1.75,
        "Unidade_Info": "1.75 L | 1 €/L",
        "Categorias_GTM": "Bebidas, Refrigerantes com Gás, Refrigerantes, Categoria Referência SFCC, Poupe Esta Semana",
        "Data_Coleta": "2025-06-01 02:05:27"
    },
    {
        "ID_Produto": "878453",
        "Categoria_Scraping": "bebidas",
        "Nome": "Refrigerante sem Gás Laranja",
        "Marca": "Pingo Doce",
        "Preco": 0.99,
        "Unidade_Info": "1.5 L | 0,66 €/L",
        "Categorias_GTM": "Bebidas, Refrigerantes com Gás, Refrigerantes, As Nossas Marcas, Pingo Doce",
        "Data_Coleta": "2025-06-01 02:05:27"
    },
    {
        "ID_Produto": "768906",
        "Categoria_Scraping": "bebidas",
        "Nome": "Sidra com Álcool Blackberry Pack 4",
        "Marca": "Somersby",
        "Preco": 4.19,
        "Unidade_Info": "4 x0.33 L | 3,17 €/L",
        "Categorias_GTM": "Categoria Referência SFCC, Bebidas, Sidra",
        "Data_Coleta": "2025-06-01 02:05:27"
    },
    {
        "ID_Produto": "893936",
        "Categoria_Scraping": "bebidas",
        "Nome": "Sidra com Álcool Maçã Pack 6",
        "Marca": "Pingo Doce",
        "Preco": 4.29,
        "Unidade_Info": "6 x0.33 L | 2,17 €/L",
        "Categorias_GTM": "As Nossas Marcas, Pingo Doce, Bebidas, Sidra, Categoria Referência SFCC",
        "Data_Coleta": "2025-06-01 02:05:34"
    },
    {
        "ID_Produto": "940205",
        "Categoria_Scraping": "bebidas",
        "Nome": "Sidra sem Álcool Pera Pack 6",
        "Marca": "Somersby",
        "Preco": 4.49,
        "Unidade_Info": "6 x0.2 L | 3,74 €/L",
        "Categorias_GTM": "Categoria Referência SFCC, Bebidas, Sidra, Poupe Esta Semana, Poupe Este Fim De Semana",
        "Data_Coleta": "2025-06-01 02:05:34"
    },
    {
        "ID_Produto": "822451",
        "Categoria_Scraping": "bebidas",
        "Nome": "Sumo 100% Laranja Pack 6",
        "Marca": "Pingo Doce",
        "Preco": 2.34,
        "Unidade_Info": "6 x0.2 L | 1,95 €/L",
        "Categorias_GTM": "As Nossas Marcas, Pingo Doce, Bebidas, Sumos e Néctares, Categoria Referência SFCC",
        "Data_Coleta": "2025-06-01 02:05:34"
    },
    {
        "ID_Produto": "940906",
        "Categoria_Scraping": "bebidas",
        "Nome": "Sumo 100% Maçã Pack 3",
        "Marca": "Compal 100% Fruta",
        "Preco": 1.49,
        "Unidade_Info": "3 x0.2 L | 2,48 €/L",
        "Categorias_GTM": "Bebidas, Sumos e Néctares, Categoria Referência SFCC, Poupe Este Fim De Semana, Promoções",
        "Data_Coleta": "2025-06-01 02:05:34"
    },
    {
        "ID_Produto": "822458",
        "Categoria_Scraping": "bebidas",
        "Nome": "Sumo 100% Pera Rocha",
        "Marca": "Pingo Doce",
        "Preco": 1.49,
        "Unidade_Info": "1.5 L | 0,99 €/L",
        "Categorias_GTM": "As Nossas Marcas, Pingo Doce, Sumos e Néctares, Bebidas, Categoria Referência SFCC",
        "Data_Coleta": "2025-06-01 02:05:34"
    },
    {
        "ID_Produto": "822445",
        "Categoria_Scraping": "bebidas",
        "Nome": "Sumo 100% Pera Rocha Pack 6",
        "Marca": "Pingo Doce",
        "Preco": 1.69,
        "Unidade_Info": "6 x0.2 L | 1,41 €/L",
        "Categorias_GTM": "As Nossas Marcas, Pingo Doce, Categoria Referência SFCC, Bebidas, Sumos e Néctares",
        "Data_Coleta": "2025-06-01 02:05:34"
    },
    {
        "ID_Produto": "844092",
        "Categoria_Scraping": "bebidas",
        "Nome": "Sumo Concentrado de Frutas Tropicais",
        "Marca": "Sunquick",
        "Preco": 6.49,
        "Unidade_Info": "0.7 L | 9,27 €/L",
        "Categorias_GTM": "Categoria Referência SFCC, Bebidas, Sumos e Néctares",
        "Data_Coleta": "2025-06-01 02:05:34"
    },
    {
        "ID_Produto": "415798",
        "Categoria_Scraping": "bebidas",
        "Nome": "Sumo Natural Laranja e Maçã",
        "Marca": "Pingo Doce",
        "Preco": 1.89,
        "Unidade_Info": "0.75 L | 2,52 €/L",
        "Categorias_GTM": "Bebidas, Smoothies e Sumos Refrigerados, As Nossas Marcas, Pingo Doce, Categoria Referência SFCC",
        "Data_Coleta": "2025-06-01 02:05:34"
    },
    {
        "ID_Produto": "509118",
        "Categoria_Scraping": "bebidas",
        "Nome": "Tisana de Chá Verde e Limão",
        "Marca": "Pleno",
        "Preco": 1.59,
        "Unidade_Info": "1.5 L | 1,06 €/L",
        "Categorias_GTM": "Categoria Referência SFCC, Água, Aromatizada e Tisanas, Bebidas, Poupe Esta Semana",
        "Data_Coleta": "2025-06-01 02:05:34"
    },
    {
        "ID_Produto": "921755",
        "Categoria_Scraping": "bebidas",
        "Nome": "Vinho Branco Alentejo Conde de Arraiolos Premium",
        "Marca": "Conde de Arraiolos",
        "Preco": 2.99,
        "Unidade_Info": "0.75 L | 3,99 €/L",
        "Categorias_GTM": "Promoções, Alentejo, Bebidas, Vinho Branco, Poupe Esta Semana",
        "Data_Coleta": "2025-06-01 02:05:34"
    },
    {
        "ID_Produto": "911564",
        "Categoria_Scraping": "bebidas",
        "Nome": "Vinho Branco Alentejo Dona Vitória Grande Escolha",
        "Marca": "Dona Vitória",
        "Preco": 4.99,
        "Unidade_Info": "0.75 L | 6,65 €/L",
        "Categorias_GTM": "Promoções, Poupe Esta Semana, Bebidas, Alentejo, Vinho Branco",
        "Data_Coleta": "2025-06-01 02:05:34"
    },
    {
        "ID_Produto": "869863",
        "Categoria_Scraping": "bebidas",
        "Nome": "Vinho Branco Alentejo Dona Vitória Premium",
        "Marca": "Dona Vitória",
        "Preco": 2.99,
        "Unidade_Info": "0.75 L | 3,99 €/L",
        "Categorias_GTM": "Alentejo, Bebidas, Vinho Branco, Poupe Esta Semana, Categoria Referência SFCC",
        "Data_Coleta": "2025-06-01 02:05:34"
    },
    {
        "ID_Produto": "62720",
        "Categoria_Scraping": "bebidas",
        "Nome": "Vinho Branco Alentejo Esporão Reserva",
        "Marca": "Esporão",
        "Preco": 13.99,
        "Unidade_Info": "0.75 L | 18,65 €/L",
        "Categorias_GTM": "Alentejo, Bebidas, Vinho Branco, Categoria Referência SFCC, Poupe Este Fim De Semana",
        "Data_Coleta": "2025-06-01 02:05:41"
    },
    {
        "ID_Produto": "27730",
        "Categoria_Scraping": "bebidas",
        "Nome": "Vinho Branco Alentejo Monte Velho",
        "Marca": "Monte Velho",
        "Preco": 3.99,
        "Unidade_Info": "0.75 L | 5,32 €/L",
        "Categorias_GTM": "Alentejo, Bebidas, Vinho Branco, Promoções, Poupe Esta Semana",
        "Data_Coleta": "2025-06-01 02:05:41"
    },
    {
        "ID_Produto": "3607",
        "Categoria_Scraping": "bebidas",
        "Nome": "Vinho Branco Alentejo Pingo Doce",
        "Marca": "Pingo Doce",
        "Preco": 1.49,
        "Unidade_Info": "0.75 L | 1,99 €/L",
        "Categorias_GTM": "As Nossas Marcas, Pingo Doce, Alentejo, Bebidas, Vinho Branco",
        "Data_Coleta": "2025-06-01 02:05:41"
    },
    {
        "ID_Produto": "756480",
        "Categoria_Scraping": "bebidas",
        "Nome": "Vinho Branco Castelo de Pias",
        "Marca": "Castelo de Pias",
        "Preco": 5.99,
        "Unidade_Info": "5 L | 1,2 €/L",
        "Categorias_GTM": "Bebidas, Vinho Branco, Poupe Esta Semana, Categoria Referência SFCC, Promoções",
        "Data_Coleta": "2025-06-01 02:05:41"
    },
    {
        "ID_Produto": "705927",
        "Categoria_Scraping": "bebidas",
        "Nome": "Vinho Branco Dão Pingo Doce Colheita Selecionada",
        "Marca": "Pingo Doce",
        "Preco": 2.19,
        "Unidade_Info": "0.75 L | 2,92 €/L",
        "Categorias_GTM": "Categoria Referência SFCC, Dão, Beira e Bairrada, Bebidas, Vinho Branco, As Nossas Marcas",
        "Data_Coleta": "2025-06-01 02:05:41"
    },
    {
        "ID_Produto": "690497",
        "Categoria_Scraping": "bebidas",
        "Nome": "Vinho Branco Douro Altano",
        "Marca": "Altano",
        "Preco": 5.79,
        "Unidade_Info": "0.75 L | 7,72 €/L",
        "Categorias_GTM": "Categoria Referência SFCC, Douro, Bebidas, Vinho Branco",
        "Data_Coleta": "2025-06-01 02:05:41"
    },
    {
        "ID_Produto": "844409",
        "Categoria_Scraping": "bebidas",
        "Nome": "Vinho Branco Douro Assobio",
        "Marca": "Assobio",
        "Preco": 7.99,
        "Unidade_Info": "0.75 L | 10,65 €/L",
        "Categorias_GTM": "Categoria Referência SFCC, Douro, Vinho Branco, Bebidas",
        "Data_Coleta": "2025-06-01 02:05:41"
    },
    {
        "ID_Produto": "847457",
        "Categoria_Scraping": "bebidas",
        "Nome": "Vinho Branco Douro Papa Figos",
        "Marca": "Papa Figos",
        "Preco": 7.99,
        "Unidade_Info": "0.75 L | 10,65 €/L",
        "Categorias_GTM": "Categoria Referência SFCC, Douro, Bebidas, Vinho Branco",
        "Data_Coleta": "2025-06-01 02:05:41"
    },
    {
        "ID_Produto": "842628",
        "Categoria_Scraping": "bebidas",
        "Nome": "Vinho Branco Frisante 3 Amigos",
        "Marca": "3 Amigos",
        "Preco": 1.64,
        "Unidade_Info": "0.75 L | 2,19 €/L",
        "Categorias_GTM": "Categoria Referência SFCC, Poupe Esta Semana, Bebidas, Champanhe e Espumante, Promoções",
        "Data_Coleta": "2025-06-01 02:05:41"
    },
    {
        "ID_Produto": "626646",
        "Categoria_Scraping": "bebidas",
        "Nome": "Vinho Branco Palmela Pingo Doce",
        "Marca": "Pingo Doce",
        "Preco": 1.99,
        "Unidade_Info": "0.75 L | 2,65 €/L",
        "Categorias_GTM": "Setúbal, Bebidas, As Nossas Marcas, Pingo Doce, Categoria Referência SFCC",
        "Data_Coleta": "2025-06-01 02:05:41"
    },
    {
        "ID_Produto": "30948",
        "Categoria_Scraping": "bebidas",
        "Nome": "Vinho Branco Península de Setúbal Adega de Pegões",
        "Marca": "Adega de Pegões",
        "Preco": 1.54,
        "Unidade_Info": "0.75 L | 2,05 €/L",
        "Categorias_GTM": "Setúbal, Bebidas, Vinho Branco, Promoções, Poupe Esta Semana",
        "Data_Coleta": "2025-06-01 02:05:41"
    },
    {
        "ID_Produto": "862299",
        "Categoria_Scraping": "bebidas",
        "Nome": "Vinho Branco Península de Setúbal Alto Pina Reserva",
        "Marca": "Alto Pina",
        "Preco": 2.69,
        "Unidade_Info": "0.75 L | 3,59 €/L",
        "Categorias_GTM": "Poupe Esta Semana, Promoções, Vinho Branco, Setúbal, Bebidas",
        "Data_Coleta": "2025-06-01 02:05:48"
    },
    {
        "ID_Produto": "53958",
        "Categoria_Scraping": "bebidas",
        "Nome": "Vinho Branco Península de Setúbal Catarina",
        "Marca": "Catarina",
        "Preco": 7.69,
        "Unidade_Info": "0.75 L | 10,25 €/L",
        "Categorias_GTM": "Categoria Referência SFCC, Setúbal, Bebidas, Vinho Branco",
        "Data_Coleta": "2025-06-01 02:05:48"
    },
    {
        "ID_Produto": "609950",
        "Categoria_Scraping": "bebidas",
        "Nome": "Vinho Branco Península de Setúbal J.P.",
        "Marca": "J.P.",
        "Preco": 2.99,
        "Unidade_Info": "0.75 L | 3,99 €/L",
        "Categorias_GTM": "Categoria Referência SFCC, Setúbal, Bebidas, Vinho Branco",
        "Data_Coleta": "2025-06-01 02:05:48"
    },
    {
        "ID_Produto": "62739",
        "Categoria_Scraping": "bebidas",
        "Nome": "Vinho Branco Península de Setúbal João Pires",
        "Marca": "João Pires",
        "Preco": 4.99,
        "Unidade_Info": "0.75 L | 6,65 €/L",
        "Categorias_GTM": "Setúbal, Bebidas, Vinho Branco, Categoria Referência SFCC",
        "Data_Coleta": "2025-06-01 02:05:48"
    },
    {
        "ID_Produto": "879468",
        "Categoria_Scraping": "bebidas",
        "Nome": "Vinho Branco Pingo Doce",
        "Marca": "Pingo Doce",
        "Preco": 0.55,
        "Unidade_Info": "0.25 L | 2,2 €/L",
        "Categorias_GTM": "Bebidas, Vinho Branco, Corrente, As Nossas Marcas, Pingo Doce",
        "Data_Coleta": "2025-06-01 02:05:48"
    },
    {
        "ID_Produto": "39205",
        "Categoria_Scraping": "bebidas",
        "Nome": "Vinho do Porto Tawny Pingo Doce",
        "Marca": "Pingo Doce",
        "Preco": 4.49,
        "Unidade_Info": "0.75 L | 5,99 €/L",
        "Categorias_GTM": "Bebidas, Vinho do Porto, As Nossas Marcas, Pingo Doce, Categoria Referência SFCC",
        "Data_Coleta": "2025-06-01 02:05:48"
    },
    {
        "ID_Produto": "861312",
        "Categoria_Scraping": "bebidas",
        "Nome": "Vinho Tinto Alentejo Abelharuco",
        "Marca": "Abelharuco",
        "Preco": 2.79,
        "Unidade_Info": "0.75 L | 3,72 €/L",
        "Categorias_GTM": "Promoções, Bebidas, Alentejo, Vinho Tinto, Poupe Esta Semana",
        "Data_Coleta": "2025-06-01 02:05:48"
    },
    {
        "ID_Produto": "917565",
        "Categoria_Scraping": "bebidas",
        "Nome": "Vinho Tinto Alentejo Arrabio",
        "Marca": "Arrabio",
        "Preco": 2.99,
        "Unidade_Info": "0.75 L | 3,99 €/L",
        "Categorias_GTM": "Promoções, Bebidas, Alentejo, Vinho Tinto, Poupe Esta Semana",
        "Data_Coleta": "2025-06-01 02:05:48"
    },
    {
        "ID_Produto": "831986",
        "Categoria_Scraping": "bebidas",
        "Nome": "Vinho Tinto Alentejo Conde de Arraiolos Premium",
        "Marca": "Conde de Arraiolos",
        "Preco": 2.99,
        "Unidade_Info": "0.75 L | 3,99 €/L",
        "Categorias_GTM": "Promoções, Categoria Referência SFCC, Bebidas, Alentejo, Vinho Tinto",
        "Data_Coleta": "2025-06-01 02:05:48"
    },
    {
        "ID_Produto": "755900",
        "Categoria_Scraping": "bebidas",
        "Nome": "Vinho Tinto Alentejo Conde de Arraiolos Reserva",
        "Marca": "Conde de Arraiolos",
        "Preco": 2.99,
        "Unidade_Info": "0.75 L | 3,99 €/L",
        "Categorias_GTM": "Poupe Esta Semana, Categoria Referência SFCC, Promoções, Bebidas, Alentejo",
        "Data_Coleta": "2025-06-01 02:05:48"
    },
    {
        "ID_Produto": "421200",
        "Categoria_Scraping": "bebidas",
        "Nome": "Vinho Tinto Alentejo EA",
        "Marca": "EA",
        "Preco": 3.99,
        "Unidade_Info": "0.75 L | 5,32 €/L",
        "Categorias_GTM": "Poupe Esta Semana, Promoções, Bebidas, Alentejo, Vinho Tinto",
        "Data_Coleta": "2025-06-01 02:05:48"
    },
    {
        "ID_Produto": "917564",
        "Categoria_Scraping": "bebidas",
        "Nome": "Vinho Tinto Alentejo Herdade do Rocim Vinhas Velhas",
        "Marca": "Herdade do Rocim",
        "Preco": 5.99,
        "Unidade_Info": "0.75 L | 7,99 €/L",
        "Categorias_GTM": "Promoções, Bebidas, Alentejo, Vinho Tinto, Poupe Esta Semana",
        "Data_Coleta": "2025-06-01 02:05:48"
    },
    {
        "ID_Produto": "563088",
        "Categoria_Scraping": "bebidas",
        "Nome": "Vinho Tinto Alentejo Herdade dos Grous",
        "Marca": "Herdade dos Grous",
        "Preco": 10.99,
        "Unidade_Info": "0.75 L | 14,65 €/L",
        "Categorias_GTM": "Categoria Referência SFCC, Bebidas, Alentejo, Vinho Tinto, Poupe Este Fim De Semana",
        "Data_Coleta": "2025-06-01 02:05:55"
    },
    {
        "ID_Produto": "14765",
        "Categoria_Scraping": "bebidas",
        "Nome": "Vinho Tinto Alentejo Monte Velho",
        "Marca": "Monte Velho",
        "Preco": 3.99,
        "Unidade_Info": "0.75 L | 5,32 €/L",
        "Categorias_GTM": "Promoções, Bebidas, Alentejo, Vinho Tinto, Poupe Esta Semana",
        "Data_Coleta": "2025-06-01 02:05:55"
    },
    {
        "ID_Produto": "671007",
        "Categoria_Scraping": "bebidas",
        "Nome": "Vinho Tinto Alentejo Pingo Doce",
        "Marca": "Pingo Doce",
        "Preco": 4.85,
        "Unidade_Info": "3 L | 1,62 €/L",
        "Categorias_GTM": "Categoria Referência SFCC, Bebidas, Corrente, Vinho Tinto, As Nossas Marcas",
        "Data_Coleta": "2025-06-01 02:05:55"
    },
    {
        "ID_Produto": "728596",
        "Categoria_Scraping": "bebidas",
        "Nome": "Vinho Tinto Alentejo Portal de São Braz Coleção Privada",
        "Marca": "Portal de São Braz",
        "Preco": 1.99,
        "Unidade_Info": "0.75 L | 2,65 €/L",
        "Categorias_GTM": "Poupe Esta Semana, Categoria Referência SFCC, Promoções, Poupe Este Fim De Semana, Vinho Tinto",
        "Data_Coleta": "2025-06-01 02:05:55"
    },
    {
        "ID_Produto": "953309",
        "Categoria_Scraping": "bebidas",
        "Nome": "Vinho Tinto Alentejo Segredos de São Miguel Grande Escolha",
        "Marca": "Segredos de São Miguel",
        "Preco": 4.99,
        "Unidade_Info": "0.75 L | 6,65 €/L",
        "Categorias_GTM": "Categoria Referência SFCC, Promoções, Poupe Esta Semana, Bebidas, Alentejo",
        "Data_Coleta": "2025-06-01 02:05:55"
    },
    {
        "ID_Produto": "775335",
        "Categoria_Scraping": "bebidas",
        "Nome": "Vinho Tinto Alentejo Vila de Frades Coleção Privada",
        "Marca": "Vila De Frades",
        "Preco": 1.99,
        "Unidade_Info": "0.75 L | 2,65 €/L",
        "Categorias_GTM": "Bebidas, Alentejo, Vinho Tinto, Promoções, Poupe Esta Semana",
        "Data_Coleta": "2025-06-01 02:05:55"
    },
    {
        "ID_Produto": "681239",
        "Categoria_Scraping": "bebidas",
        "Nome": "Vinho Tinto Douro Altano",
        "Marca": "Altano",
        "Preco": 5.79,
        "Unidade_Info": "0.75 L | 7,72 €/L",
        "Categorias_GTM": "Categoria Referência SFCC, Bebidas, Douro, Vinho Tinto",
        "Data_Coleta": "2025-06-01 02:05:55"
    },
    {
        "ID_Produto": "723556",
        "Categoria_Scraping": "bebidas",
        "Nome": "Vinho Tinto Douro Assobio Esporão",
        "Marca": "Assobio",
        "Preco": 7.99,
        "Unidade_Info": "0.75 L | 10,65 €/L",
        "Categorias_GTM": "Categoria Referência SFCC, Bebidas, Douro, Vinho Tinto",
        "Data_Coleta": "2025-06-01 02:05:55"
    },
    {
        "ID_Produto": "843413",
        "Categoria_Scraping": "bebidas",
        "Nome": "Vinho Tinto Douro Linhas Tortas",
        "Marca": "Linhas Tortas",
        "Preco": 2.29,
        "Unidade_Info": "0.75 L | 3,05 €/L",
        "Categorias_GTM": "Categoria Referência SFCC, Bebidas, Douro, Vinho Tinto, Poupe Esta Semana",
        "Data_Coleta": "2025-06-01 02:05:55"
    },
    {
        "ID_Produto": "766224",
        "Categoria_Scraping": "bebidas",
        "Nome": "Vinho Tinto Douro Linhas Tortas Reserva",
        "Marca": "Linhas Tortas",
        "Preco": 2.99,
        "Unidade_Info": "0.75 L | 3,99 €/L",
        "Categorias_GTM": "Bebidas, Douro, Vinho Tinto, Promoções, Categoria Referência SFCC",
        "Data_Coleta": "2025-06-01 02:05:55"
    },
    {
        "ID_Produto": "912852",
        "Categoria_Scraping": "bebidas",
        "Nome": "Vinho Tinto Douro Quinta da Pacheca Reserva",
        "Marca": "Quinta da Pacheca",
        "Preco": 6.99,
        "Unidade_Info": "0.75 L | 9,32 €/L",
        "Categorias_GTM": "Bebidas, Douro, Vinho Tinto, Promoções, Categoria Referência SFCC",
        "Data_Coleta": "2025-06-01 02:05:55"
    },
    {
        "ID_Produto": "493229",
        "Categoria_Scraping": "bebidas",
        "Nome": "Vinho Tinto Douro Vallado",
        "Marca": "Vallado",
        "Preco": 8.99,
        "Unidade_Info": "0.75 L | 11,99 €/L",
        "Categorias_GTM": "Categoria Referência SFCC, Vinho Tinto, Bebidas, Douro",
        "Data_Coleta": "2025-06-01 02:05:55"
    },
    {
        "ID_Produto": "831002",
        "Categoria_Scraping": "bebidas",
        "Nome": "Vinho Tinto Parcelas de Alqueva",
        "Marca": "Parcelas de Alqueva",
        "Preco": 5.99,
        "Unidade_Info": "5 L | 1,2 €/L",
        "Categorias_GTM": "Promoções, Categoria Referência SFCC, Bebidas, Corrente, Vinho Tinto",
        "Data_Coleta": "2025-06-01 02:06:01"
    },
    {
        "ID_Produto": "274594",
        "Categoria_Scraping": "bebidas",
        "Nome": "Vinho Tinto Península de Setúbal Adega de Pegões",
        "Marca": "Adega de Pegões",
        "Preco": 1.54,
        "Unidade_Info": "0.75 L | 2,05 €/L",
        "Categorias_GTM": "Promoções, Poupe Esta Semana, Bebidas, Setúbal, Vinho Tinto",
        "Data_Coleta": "2025-06-01 02:06:01"
    },
    {
        "ID_Produto": "862298",
        "Categoria_Scraping": "bebidas",
        "Nome": "Vinho Tinto Península de Setúbal Alto Pina Reserva",
        "Marca": "Alto Pina",
        "Preco": 2.69,
        "Unidade_Info": "0.75 L | 3,59 €/L",
        "Categorias_GTM": "Promoções, Bebidas, Setúbal, Vinho Tinto, Categoria Referência SFCC",
        "Data_Coleta": "2025-06-01 02:06:01"
    },
    {
        "ID_Produto": "609860",
        "Categoria_Scraping": "bebidas",
        "Nome": "Vinho Tinto Península de Setúbal J.P.",
        "Marca": "J.P.",
        "Preco": 2.99,
        "Unidade_Info": "0.75 L | 3,99 €/L",
        "Categorias_GTM": "Categoria Referência SFCC, Bebidas, Setúbal, Vinho Tinto",
        "Data_Coleta": "2025-06-01 02:06:01"
    },
    {
        "ID_Produto": "921603",
        "Categoria_Scraping": "bebidas",
        "Nome": "Vinho Tinto Península de Setúbal Vinha do Torrão Grande Escolha",
        "Marca": "Vinha do Torrão",
        "Preco": 4.99,
        "Unidade_Info": "0.75 L | 6,65 €/L",
        "Categorias_GTM": "Promoções, Bebidas, Setúbal, Vinho Tinto, Poupe Esta Semana",
        "Data_Coleta": "2025-06-01 02:06:01"
    },
    {
        "ID_Produto": "849156",
        "Categoria_Scraping": "bebidas",
        "Nome": "Vinho Tinto Península de Setúbal Vinha do Torrão Reserva",
        "Marca": "Vinha do Torrão",
        "Preco": 3.99,
        "Unidade_Info": "0.75 L | 5,32 €/L",
        "Categorias_GTM": "Categoria Referência SFCC, Poupe Esta Semana, Promoções, Bebidas, Setúbal",
        "Data_Coleta": "2025-06-01 02:06:01"
    },
    {
        "ID_Produto": "727431",
        "Categoria_Scraping": "bebidas",
        "Nome": "Vinho Tinto Península de Setúbal Vinhas de Pegões",
        "Marca": "Vinhas de Pegões",
        "Preco": 7.99,
        "Unidade_Info": "5 L | 1,6 €/L",
        "Categorias_GTM": "Poupe Esta Semana, Categoria Referência SFCC, Bebidas, Corrente, Vinho Tinto",
        "Data_Coleta": "2025-06-01 02:06:01"
    },
    {
        "ID_Produto": "703410",
        "Categoria_Scraping": "bebidas",
        "Nome": "Vinho Tinto Serrania",
        "Marca": "Serrania",
        "Preco": 4.99,
        "Unidade_Info": "5 L | 1 €/L",
        "Categorias_GTM": "Promoções, Categoria Referência SFCC, Bebidas, Corrente, Vinho Tinto",
        "Data_Coleta": "2025-06-01 02:06:01"
    },
    {
        "ID_Produto": "901810",
        "Categoria_Scraping": "bebidas",
        "Nome": "Vinho Verde Branco Lagarto Pintado",
        "Marca": "Lagarto Pintado",
        "Preco": 2.99,
        "Unidade_Info": "0.75 L | 3,99 €/L",
        "Categorias_GTM": "Verde, Bebidas, Vinho Branco, Poupe Esta Semana, Categoria Referência SFCC",
        "Data_Coleta": "2025-06-01 02:06:01"
    },
    {
        "ID_Produto": "732083",
        "Categoria_Scraping": "bebidas",
        "Nome": "Whisky Famous Grouse",
        "Marca": "Famous Grouse",
        "Preco": 14.99,
        "Unidade_Info": "0.7 L | 21,41 €/L",
        "Categorias_GTM": "Poupe Esta Semana, Categoria Referência SFCC, Poupe Este Fim De Semana, Promoções, Bebidas",
        "Data_Coleta": "2025-06-01 02:06:01"
    },
    {
        "ID_Produto": "735494",
        "Categoria_Scraping": "bebidas",
        "Nome": "Whisky Grant's",
        "Marca": "Grant's",
        "Preco": 12.89,
        "Unidade_Info": "0.7 L | 18,41 €/L",
        "Categorias_GTM": "N/A",
        "Data_Coleta": "2025-06-01 02:06:01"
    },
    {
        "ID_Produto": "526543",
        "Categoria_Scraping": "bebidas",
        "Nome": "Whisky Grant's Triple Wood",
        "Marca": "Grant's",
        "Preco": 22.99,
        "Unidade_Info": "1 L | 22,99 €/L",
        "Categorias_GTM": "N/A",
        "Data_Coleta": "2025-06-01 02:06:01"
    },
    {
        "ID_Produto": "520940",
        "Categoria_Scraping": "bebidas",
        "Nome": "Whisky Irlandês Bushmills",
        "Marca": "Bushmills",
        "Preco": 22.49,
        "Unidade_Info": "0.7 L | 32,13 €/L",
        "Categorias_GTM": "Categoria Referência SFCC, Bebidas, Whisky, Whisky e Espirituosas",
        "Data_Coleta": "2025-06-01 02:06:09"
    },
    {
        "ID_Produto": "356976",
        "Categoria_Scraping": "bebidas",
        "Nome": "Whisky Irlandês Jameson",
        "Marca": "Jameson",
        "Preco": 22.79,
        "Unidade_Info": "0.7 L | 32,56 €/L",
        "Categorias_GTM": "Bebidas, Whisky, Whisky e Espirituosas, Categoria Referência SFCC",
        "Data_Coleta": "2025-06-01 02:06:09"
    },
    {
        "ID_Produto": "824525",
        "Categoria_Scraping": "bebidas",
        "Nome": "Whisky Malte Cardhu Gold Reserve",
        "Marca": "Cardhu",
        "Preco": 43.99,
        "Unidade_Info": "0.7 L | 62,84 €/L",
        "Categorias_GTM": "Bebidas, Whisky, Whisky e Espirituosas, Categoria Referência SFCC",
        "Data_Coleta": "2025-06-01 02:06:09"
    },
    {
        "ID_Produto": "985045",
        "Categoria_Scraping": "bebidas",
        "Nome": "Água Tónica",
        "Marca": "Pingo Doce",
        "Preco": 1.49,
        "Unidade_Info": "1.5 L | 0,99 €/L",
        "Categorias_GTM": "Bebidas, Refrigerantes com Gás, Refrigerantes, As Nossas Marcas, Pingo Doce",
        "Data_Coleta": "2025-06-01 02:06:09"
    },
    {
        "ID_Produto": "892199",
        "Categoria_Scraping": "bebidas",
        "Nome": "Água Tónica Lata",
        "Marca": "Pingo Doce",
        "Preco": 0.49,
        "Unidade_Info": "0.33 L | 1,48 €/L",
        "Categorias_GTM": "As Nossas Marcas, Pingo Doce, Categoria Referência SFCC, Bebidas, Refrigerantes com Gás",
        "Data_Coleta": "2025-06-01 02:06:09"
    },
    {
        "ID_Produto": "720181",
        "Categoria_Scraping": "bebidas",
        "Nome": "Bebida de Frutas Tropicais e Vitaminas Pack 3",
        "Marca": "Pingo Doce",
        "Preco": 1.17,
        "Unidade_Info": "3 x0.2 L | 1,95 €/L",
        "Categorias_GTM": "Categoria Referência SFCC, Bebidas, Sumos e Néctares, As Nossas Marcas, Pingo Doce",
        "Data_Coleta": "2025-06-01 02:06:09"
    },
    {
        "ID_Produto": "977965",
        "Categoria_Scraping": "bebidas",
        "Nome": "Daiquiri de Morango",
        "Marca": "Pingo Doce",
        "Preco": 1.89,
        "Unidade_Info": "0.798 L | 2,37 €/L",
        "Categorias_GTM": "As Nossas Marcas, Pingo Doce, Bebidas, Smoothies e Sumos Refrigerados, Categoria Referência SFCC",
        "Data_Coleta": "2025-06-01 02:06:09"
    },
    {
        "ID_Produto": "905573",
        "Categoria_Scraping": "bebidas",
        "Nome": "Espumante Alvarinho Bruto Pingo Doce",
        "Marca": "Pingo Doce",
        "Preco": 6.49,
        "Unidade_Info": "0.75 L | 8,65 €/L",
        "Categorias_GTM": "Bebidas, Champanhe e Espumante, As Nossas Marcas, Pingo Doce, Categoria Referência SFCC",
        "Data_Coleta": "2025-06-01 02:06:09"
    },
    {
        "ID_Produto": "877055",
        "Categoria_Scraping": "bebidas",
        "Nome": "Espumante Baga Bairrada Pingo Doce",
        "Marca": "Pingo Doce",
        "Preco": 4.99,
        "Unidade_Info": "0.75 L | 6,65 €/L",
        "Categorias_GTM": "Bebidas, Champanhe e Espumante, As Nossas Marcas, Pingo Doce, Categoria Referência SFCC",
        "Data_Coleta": "2025-06-01 02:06:09"
    },
    {
        "ID_Produto": "39208",
        "Categoria_Scraping": "bebidas",
        "Nome": "Espumante Bruto Pingo Doce",
        "Marca": "Pingo Doce",
        "Preco": 3.49,
        "Unidade_Info": "0.75 L | 4,65 €/L",
        "Categorias_GTM": "Bebidas, Champanhe e Espumante, As Nossas Marcas, Pingo Doce, Categoria Referência SFCC",
        "Data_Coleta": "2025-06-01 02:06:09"
    },
    {
        "ID_Produto": "39209",
        "Categoria_Scraping": "bebidas",
        "Nome": "Espumante Meio Seco Pingo Doce",
        "Marca": "Pingo Doce",
        "Preco": 3.49,
        "Unidade_Info": "0.75 L | 4,65 €/L",
        "Categorias_GTM": "Bebidas, Champanhe e Espumante, As Nossas Marcas, Pingo Doce, Categoria Referência SFCC",
        "Data_Coleta": "2025-06-01 02:06:09"
    },
    {
        "ID_Produto": "724652",
        "Categoria_Scraping": "bebidas",
        "Nome": "Espumante Rosé Bruto Pingo Doce",
        "Marca": "Pingo Doce",
        "Preco": 3.59,
        "Unidade_Info": "0.75 L | 4,79 €/L",
        "Categorias_GTM": "Categoria Referência SFCC, Bebidas, Champanhe e Espumante, As Nossas Marcas, Pingo Doce",
        "Data_Coleta": "2025-06-01 02:06:09"
    },
    {
        "ID_Produto": "639067",
        "Categoria_Scraping": "bebidas",
        "Nome": "Espumante Tinto Bruto Pingo Doce",
        "Marca": "Pingo Doce",
        "Preco": 3.59,
        "Unidade_Info": "0.75 L | 4,79 €/L",
        "Categorias_GTM": "As Nossas Marcas, Pingo Doce, Categoria Referência SFCC, Bebidas, Champanhe e Espumante",
        "Data_Coleta": "2025-06-01 02:06:16"
    },
    {
        "ID_Produto": "979217",
        "Categoria_Scraping": "bebidas",
        "Nome": "Gasosa Zero",
        "Marca": "Pingo Doce",
        "Preco": 0.55,
        "Unidade_Info": "1.5 L | 0,37 €/L",
        "Categorias_GTM": "As Nossas Marcas, Pingo Doce, Bebidas, Refrigerantes com Gás, Refrigerantes",
        "Data_Coleta": "2025-06-01 02:06:16"
    },
    {
        "ID_Produto": "985044",
        "Categoria_Scraping": "bebidas",
        "Nome": "Ice Tea Limão",
        "Marca": "Pingo Doce",
        "Preco": 0.79,
        "Unidade_Info": "0.5 L | 1,58 €/L",
        "Categorias_GTM": "As Nossas Marcas, Pingo Doce, Bebidas, Ice Tea, Categoria Referência SFCC",
        "Data_Coleta": "2025-06-01 02:06:16"
    },
    {
        "ID_Produto": "902738",
        "Categoria_Scraping": "bebidas",
        "Nome": "Ice Tea Manga",
        "Marca": "Pingo Doce",
        "Preco": 0.79,
        "Unidade_Info": "1 Un | 0,79 €/Un",
        "Categorias_GTM": "Ice Tea, Bebidas, As Nossas Marcas, Pingo Doce, Categoria Referência SFCC",
        "Data_Coleta": "2025-06-01 02:06:16"
    },
    {
        "ID_Produto": "902737",
        "Categoria_Scraping": "bebidas",
        "Nome": "Ice Tea Pêssego",
        "Marca": "Pingo Doce",
        "Preco": 0.79,
        "Unidade_Info": "0.5 L | 1,58 €/L",
        "Categorias_GTM": "Bebidas, Ice Tea, As Nossas Marcas, Pingo Doce, Categoria Referência SFCC",
        "Data_Coleta": "2025-06-01 02:06:16"
    },
    {
        "ID_Produto": "905966",
        "Categoria_Scraping": "bebidas",
        "Nome": "Kombucha Coco",
        "Marca": "Pingo Doce",
        "Preco": 1.79,
        "Unidade_Info": "0.37 L | 4,84 €/L",
        "Categorias_GTM": "Bebidas, Smoothies e Sumos Refrigerados, As Nossas Marcas, Pingo Doce, Categoria Referência SFCC",
        "Data_Coleta": "2025-06-01 02:06:16"
    },
    {
        "ID_Produto": "905967",
        "Categoria_Scraping": "bebidas",
        "Nome": "Kombucha Framboesa",
        "Marca": "Pingo Doce",
        "Preco": 1.79,
        "Unidade_Info": "0.37 L | 4,84 €/L",
        "Categorias_GTM": "Bebidas, Smoothies e Sumos Refrigerados, As Nossas Marcas, Pingo Doce, Categoria Referência SFCC",
        "Data_Coleta": "2025-06-01 02:06:16"
    },
    {
        "ID_Produto": "934090",
        "Categoria_Scraping": "bebidas",
        "Nome": "Limonada Clássica",
        "Marca": "Pingo Doce",
        "Preco": 1.29,
        "Unidade_Info": "0.75 L | 1,72 €/L",
        "Categorias_GTM": "As Nossas Marcas, Pingo Doce, Bebidas, Smoothies e Sumos Refrigerados, Categoria Referência SFCC",
        "Data_Coleta": "2025-06-01 02:06:16"
    },
    {
        "ID_Produto": "972278",
        "Categoria_Scraping": "bebidas",
        "Nome": "Limonada Frutos Vermelhos",
        "Marca": "Pingo Doce",
        "Preco": 1.49,
        "Unidade_Info": "0.75 L | 1,99 €/L",
        "Categorias_GTM": "Bebidas, Smoothies e Sumos Refrigerados, As Nossas Marcas, Pingo Doce, Categoria Referência SFCC",
        "Data_Coleta": "2025-06-01 02:06:16"
    },
    {
        "ID_Produto": "978086",
        "Categoria_Scraping": "bebidas",
        "Nome": "Limonada Maracujá",
        "Marca": "Pingo Doce",
        "Preco": 1.49,
        "Unidade_Info": "0.798 L | 1,87 €/L",
        "Categorias_GTM": "As Nossas Marcas, Pingo Doce, Bebidas, Smoothies e Sumos Refrigerados, Categoria Referência SFCC",
        "Data_Coleta": "2025-06-01 02:06:16"
    },
    {
        "ID_Produto": "961569",
        "Categoria_Scraping": "bebidas",
        "Nome": "Mojito Limão e Maçã sem Álcool",
        "Marca": "Pingo Doce",
        "Preco": 1.89,
        "Unidade_Info": "0.75 L | 2,52 €/L",
        "Categorias_GTM": "As Nossas Marcas, Pingo Doce, Bebidas, Smoothies e Sumos Refrigerados, Categoria Referência SFCC",
        "Data_Coleta": "2025-06-01 02:06:16"
    },
    {
        "ID_Produto": "899713",
        "Categoria_Scraping": "bebidas",
        "Nome": "Moscatel Galego Branco Douro Pingo Doce",
        "Marca": "Pingo Doce",
        "Preco": 4.99,
        "Unidade_Info": "0.75 L | 6,65 €/L",
        "Categorias_GTM": "Douro, Bebidas, Vinho Branco, As Nossas Marcas, Pingo Doce",
        "Data_Coleta": "2025-06-01 02:06:16"
    },
    {
        "ID_Produto": "920483",
        "Categoria_Scraping": "bebidas",
        "Nome": "Néctar 8 Frutos",
        "Marca": "Pingo Doce",
        "Preco": 0.99,
        "Unidade_Info": "1 L | 0,99 €/L",
        "Categorias_GTM": "As Nossas Marcas, Pingo Doce, Categoria Referência SFCC, Sumos e Néctares, Bebidas",
        "Data_Coleta": "2025-06-01 02:06:23"
    },
    {
        "ID_Produto": "889875",
        "Categoria_Scraping": "bebidas",
        "Nome": "Néctar Ananás, Laranja e Coco",
        "Marca": "Pingo Doce",
        "Preco": 1.09,
        "Unidade_Info": "1 L | 1,09 €/L",
        "Categorias_GTM": "As Nossas Marcas, Pingo Doce, Categoria Referência SFCC, Bebidas, Sumos e Néctares",
        "Data_Coleta": "2025-06-01 02:06:23"
    },
    {
        "ID_Produto": "988275",
        "Categoria_Scraping": "bebidas",
        "Nome": "Néctar Ananás, Laranja e Coco",
        "Marca": "Pingo Doce",
        "Preco": 0.32,
        "Unidade_Info": "0.2 L | 1,6 €/L",
        "Categorias_GTM": "Bebidas, Sumos e Néctares, As Nossas Marcas, Pingo Doce, Categoria Referência SFCC",
        "Data_Coleta": "2025-06-01 02:06:23"
    },
    {
        "ID_Produto": "988288",
        "Categoria_Scraping": "bebidas",
        "Nome": "Néctar de Pera",
        "Marca": "Pingo Doce",
        "Preco": 0.27,
        "Unidade_Info": "0.2 L | 1,35 €/L",
        "Categorias_GTM": "Bebidas, Sumos e Néctares, As Nossas Marcas, Pingo Doce, Categoria Referência SFCC",
        "Data_Coleta": "2025-06-01 02:06:23"
    },
    {
        "ID_Produto": "989285",
        "Categoria_Scraping": "bebidas",
        "Nome": "Néctar Frutos Vermelhos",
        "Marca": "Pingo Doce",
        "Preco": 0.32,
        "Unidade_Info": "0.2 L | 1,6 €/L",
        "Categorias_GTM": "Bebidas, Sumos e Néctares, As Nossas Marcas, Pingo Doce, Categoria Referência SFCC",
        "Data_Coleta": "2025-06-01 02:06:23"
    },
    {
        "ID_Produto": "986093",
        "Categoria_Scraping": "bebidas",
        "Nome": "Néctar Laranja",
        "Marca": "Pingo Doce",
        "Preco": 1.19,
        "Unidade_Info": "1 L | 1,19 €/L",
        "Categorias_GTM": "Bebidas, Sumos e Néctares, As Nossas Marcas, Pingo Doce, Categoria Referência SFCC",
        "Data_Coleta": "2025-06-01 02:06:23"
    },
    {
        "ID_Produto": "988276",
        "Categoria_Scraping": "bebidas",
        "Nome": "Néctar Manga Pack 6",
        "Marca": "Pingo Doce",
        "Preco": 1.89,
        "Unidade_Info": "6 x0.2 L | 1,57 €/L",
        "Categorias_GTM": "Bebidas, Sumos e Néctares, As Nossas Marcas, Pingo Doce, Categoria Referência SFCC",
        "Data_Coleta": "2025-06-01 02:06:23"
    },
    {
        "ID_Produto": "988277",
        "Categoria_Scraping": "bebidas",
        "Nome": "Néctar Maracujá, Maça e Manga Pack 6",
        "Marca": "Pingo Doce",
        "Preco": 1.89,
        "Unidade_Info": "6 x0.2 L | 1,57 €/L",
        "Categorias_GTM": "Bebidas, Sumos e Néctares, As Nossas Marcas, Pingo Doce, Categoria Referência SFCC",
        "Data_Coleta": "2025-06-01 02:06:23"
    },
    {
        "ID_Produto": "988289",
        "Categoria_Scraping": "bebidas",
        "Nome": "Néctar Pêssego",
        "Marca": "Pingo Doce",
        "Preco": 0.27,
        "Unidade_Info": "0.2 L | 1,35 €/L",
        "Categorias_GTM": "Bebidas, Sumos e Néctares, As Nossas Marcas, Pingo Doce, Categoria Referência SFCC",
        "Data_Coleta": "2025-06-01 02:06:23"
    },
    {
        "ID_Produto": "889317",
        "Categoria_Scraping": "bebidas",
        "Nome": "Néctar Pêssego Light",
        "Marca": "Pingo Doce",
        "Preco": 1.09,
        "Unidade_Info": "1 L | 1,09 €/L",
        "Categorias_GTM": "As Nossas Marcas, Pingo Doce, Categoria Referência SFCC, Bebidas, Sumos e Néctares",
        "Data_Coleta": "2025-06-01 02:06:23"
    },
    {
        "ID_Produto": "961568",
        "Categoria_Scraping": "bebidas",
        "Nome": "Néctar Piña Colada sem Álcool",
        "Marca": "Pingo Doce",
        "Preco": 1.89,
        "Unidade_Info": "0.75 L | 2,52 €/L",
        "Categorias_GTM": "Bebidas, Smoothies e Sumos Refrigerados, As Nossas Marcas, Pingo Doce, Categoria Referência SFCC",
        "Data_Coleta": "2025-06-01 02:06:23"
    },
    {
        "ID_Produto": "889315",
        "Categoria_Scraping": "bebidas",
        "Nome": "Néctar Romã e Uva",
        "Marca": "Pingo Doce",
        "Preco": 0.99,
        "Unidade_Info": "1 L | 0,99 €/L",
        "Categorias_GTM": "As Nossas Marcas, Pingo Doce, Categoria Referência SFCC, Bebidas, Sumos e Néctares",
        "Data_Coleta": "2025-06-01 02:06:23"
    },
    {
        "ID_Produto": "889318",
        "Categoria_Scraping": "bebidas",
        "Nome": "Néctar Tropical Light",
        "Marca": "Pingo Doce",
        "Preco": 1.09,
        "Unidade_Info": "1 L | 1,09 €/L",
        "Categorias_GTM": "As Nossas Marcas, Pingo Doce, Categoria Referência SFCC, Bebidas, Sumos e Néctares",
        "Data_Coleta": "2025-06-01 02:06:31"
    },
    {
        "ID_Produto": "988290",
        "Categoria_Scraping": "bebidas",
        "Nome": "Néctar Tuti Frutti Pack 6",
        "Marca": "Pingo Doce",
        "Preco": 1.59,
        "Unidade_Info": "6 x0.2 L | 1,33 €/L",
        "Categorias_GTM": "Bebidas, Sumos e Néctares, As Nossas Marcas, Pingo Doce, Categoria Referência SFCC",
        "Data_Coleta": "2025-06-01 02:06:31"
    },
    {
        "ID_Produto": "889314",
        "Categoria_Scraping": "bebidas",
        "Nome": "Néctar Tutti Frutti",
        "Marca": "Pingo Doce",
        "Preco": 1.09,
        "Unidade_Info": "1 L | 1,09 €/L",
        "Categorias_GTM": "As Nossas Marcas, Pingo Doce, Categoria Referência SFCC, Bebidas, Sumos e Néctares",
        "Data_Coleta": "2025-06-01 02:06:31"
    },
    {
        "ID_Produto": "763927",
        "Categoria_Scraping": "bebidas",
        "Nome": "Panaché Pack 6",
        "Marca": "Pingo Doce",
        "Preco": 2.64,
        "Unidade_Info": "6 x0.25 L | 1,76 €/L",
        "Categorias_GTM": "As Nossas Marcas, Pingo Doce, Bebidas, Cerveja, Categoria Referência SFCC",
        "Data_Coleta": "2025-06-01 02:06:31"
    },
    {
        "ID_Produto": "878454",
        "Categoria_Scraping": "bebidas",
        "Nome": "Refrigerante com Gás Ananás",
        "Marca": "Pingo Doce",
        "Preco": 1.04,
        "Unidade_Info": "1.5 L | 0,69 €/L",
        "Categorias_GTM": "As Nossas Marcas, Pingo Doce, Bebidas, Refrigerantes com Gás, Refrigerantes",
        "Data_Coleta": "2025-06-01 02:06:31"
    },
    {
        "ID_Produto": "735023",
        "Categoria_Scraping": "bebidas",
        "Nome": "Refrigerante com Gás Cola Lata",
        "Marca": "Pingo Doce",
        "Preco": 0.43,
        "Unidade_Info": "0.33 L | 1,3 €/L",
        "Categorias_GTM": "As Nossas Marcas, Pingo Doce, Categoria Referência SFCC, Bebidas, Refrigerantes com Gás",
        "Data_Coleta": "2025-06-01 02:06:31"
    },
    {
        "ID_Produto": "735024",
        "Categoria_Scraping": "bebidas",
        "Nome": "Refrigerante com Gás Cola Zero Lata",
        "Marca": "Pingo Doce",
        "Preco": 0.37,
        "Unidade_Info": "0.33 L | 1,12 €/L",
        "Categorias_GTM": "Bebidas, Refrigerantes com Gás, Refrigerantes, Categoria Referência SFCC, As Nossas Marcas",
        "Data_Coleta": "2025-06-01 02:06:31"
    },
    {
        "ID_Produto": "878456",
        "Categoria_Scraping": "bebidas",
        "Nome": "Refrigerante com Gás Laranja",
        "Marca": "Pingo Doce",
        "Preco": 0.99,
        "Unidade_Info": "1.5 L | 0,66 €/L",
        "Categorias_GTM": "Bebidas, Refrigerantes com Gás, Refrigerantes, As Nossas Marcas, Pingo Doce",
        "Data_Coleta": "2025-06-01 02:06:31"
    },
    {
        "ID_Produto": "735028",
        "Categoria_Scraping": "bebidas",
        "Nome": "Refrigerante com Gás Lima Limão Lata",
        "Marca": "Pingo Doce",
        "Preco": 0.54,
        "Unidade_Info": "0.33 L | 1,64 €/L",
        "Categorias_GTM": "Bebidas, Refrigerantes com Gás, Refrigerantes, Categoria Referência SFCC, As Nossas Marcas",
        "Data_Coleta": "2025-06-01 02:06:31"
    },
    {
        "ID_Produto": "890293",
        "Categoria_Scraping": "bebidas",
        "Nome": "Refrigerante sem Gás Laranja e Maracujá",
        "Marca": "Pingo Doce",
        "Preco": 1.39,
        "Unidade_Info": "1.5 L | 0,93 €/L",
        "Categorias_GTM": "As Nossas Marcas, Pingo Doce, Categoria Referência SFCC, Bebidas, Refrigerantes com Gás",
        "Data_Coleta": "2025-06-01 02:06:31"
    },
    {
        "ID_Produto": "856669",
        "Categoria_Scraping": "bebidas",
        "Nome": "Sangria Branca Pingo Doce",
        "Marca": "Pingo Doce",
        "Preco": 1.75,
        "Unidade_Info": "1.5 L | 1,17 €/L",
        "Categorias_GTM": "As Nossas Marcas, Pingo Doce, Bebidas, Sangria, Categoria Referência SFCC",
        "Data_Coleta": "2025-06-01 02:06:31"
    },
    {
        "ID_Produto": "807887",
        "Categoria_Scraping": "bebidas",
        "Nome": "Sangria Tinta Pingo Doce",
        "Marca": "Pingo Doce",
        "Preco": 1.69,
        "Unidade_Info": "1.5 L | 1,13 €/L",
        "Categorias_GTM": "As Nossas Marcas, Pingo Doce, Categoria Referência SFCC, Bebidas, Sangria",
        "Data_Coleta": "2025-06-01 02:06:39"
    },
    {
        "ID_Produto": "938424",
        "Categoria_Scraping": "bebidas",
        "Nome": "Shot Vitamina Maçã, Laranja e Gengibre",
        "Marca": "Pingo Doce",
        "Preco": 0.99,
        "Unidade_Info": "0.125 L | 7,92 €/L",
        "Categorias_GTM": "As Nossas Marcas, Pingo Doce, Categoria Referência SFCC, Bebidas, Smoothies e Sumos Refrigerados",
        "Data_Coleta": "2025-06-01 02:06:39"
    },
    {
        "ID_Produto": "938423",
        "Categoria_Scraping": "bebidas",
        "Nome": "Shot Vitamina Maçã, Romã e Limão",
        "Marca": "Pingo Doce",
        "Preco": 0.99,
        "Unidade_Info": "0.125 L | 7,92 €/L",
        "Categorias_GTM": "As Nossas Marcas, Pingo Doce, Categoria Referência SFCC, Smoothies e Sumos Refrigerados, Bebidas",
        "Data_Coleta": "2025-06-01 02:06:39"
    },
    {
        "ID_Produto": "923674",
        "Categoria_Scraping": "bebidas",
        "Nome": "Smoothie Ananás e Coco",
        "Marca": "Pingo Doce",
        "Preco": 1.69,
        "Unidade_Info": "0.75 L | 2,25 €/L",
        "Categorias_GTM": "As Nossas Marcas, Pingo Doce, Bebidas, Smoothies e Sumos Refrigerados, Categoria Referência SFCC",
        "Data_Coleta": "2025-06-01 02:06:39"
    },
    {
        "ID_Produto": "973602",
        "Categoria_Scraping": "bebidas",
        "Nome": "Smoothie Chia e Maracujá",
        "Marca": "Pingo Doce",
        "Preco": 1.19,
        "Unidade_Info": "0.25 L | 4,76 €/L",
        "Categorias_GTM": "Bebidas, Smoothies e Sumos Refrigerados, As Nossas Marcas, Pingo Doce, Categoria Referência SFCC",
        "Data_Coleta": "2025-06-01 02:06:39"
    },
    {
        "ID_Produto": "882915",
        "Categoria_Scraping": "bebidas",
        "Nome": "Smoothie Frutos Tropicais",
        "Marca": "Pingo Doce",
        "Preco": 1.19,
        "Unidade_Info": "0.33 L | 3,61 €/L",
        "Categorias_GTM": "Bebidas, Smoothies e Sumos Refrigerados, As Nossas Marcas, Pingo Doce, Categoria Referência SFCC",
        "Data_Coleta": "2025-06-01 02:06:39"
    },
    {
        "ID_Produto": "882914",
        "Categoria_Scraping": "bebidas",
        "Nome": "Smoothie Frutos Vermelhos",
        "Marca": "Pingo Doce",
        "Preco": 1.19,
        "Unidade_Info": "0.33 L | 3,61 €/L",
        "Categorias_GTM": "As Nossas Marcas, Pingo Doce, Bebidas, Smoothies e Sumos Refrigerados, Categoria Referência SFCC",
        "Data_Coleta": "2025-06-01 02:06:39"
    },
    {
        "ID_Produto": "975358",
        "Categoria_Scraping": "bebidas",
        "Nome": "Smoothie Maçã, Morango e Banana",
        "Marca": "Pingo Doce",
        "Preco": 1.69,
        "Unidade_Info": "0.75 L | 2,25 €/L",
        "Categorias_GTM": "Bebidas, Smoothies e Sumos Refrigerados, As Nossas Marcas, Pingo Doce, Categoria Referência SFCC",
        "Data_Coleta": "2025-06-01 02:06:39"
    },
    {
        "ID_Produto": "923673",
        "Categoria_Scraping": "bebidas",
        "Nome": "Smoothie Tropical",
        "Marca": "Pingo Doce",
        "Preco": 1.79,
        "Unidade_Info": "0.75 L | 2,39 €/L",
        "Categorias_GTM": "As Nossas Marcas, Pingo Doce, Bebidas, Smoothies e Sumos Refrigerados, Categoria Referência SFCC",
        "Data_Coleta": "2025-06-01 02:06:39"
    },
    {
        "ID_Produto": "973603",
        "Categoria_Scraping": "bebidas",
        "Nome": "Smoothing Abacate Maçã",
        "Marca": "Pingo Doce",
        "Preco": 1.79,
        "Unidade_Info": "0.25 L | 7,16 €/L",
        "Categorias_GTM": "Bebidas, Smoothies e Sumos Refrigerados, As Nossas Marcas, Pingo Doce, Categoria Referência SFCC",
        "Data_Coleta": "2025-06-01 02:06:39"
    },
    {
        "ID_Produto": "934094",
        "Categoria_Scraping": "bebidas",
        "Nome": "Smoothing Açaí Mix",
        "Marca": "Pingo Doce",
        "Preco": 0.99,
        "Unidade_Info": "0.25 L | 3,96 €/L",
        "Categorias_GTM": "As Nossas Marcas, Pingo Doce, Bebidas, Smoothies e Sumos Refrigerados, Categoria Referência SFCC",
        "Data_Coleta": "2025-06-01 02:06:39"
    },
    {
        "ID_Produto": "937263",
        "Categoria_Scraping": "bebidas",
        "Nome": "Smoothing Linhaça",
        "Marca": "Pingo Doce",
        "Preco": 0.99,
        "Unidade_Info": "0.25 L | 3,96 €/L",
        "Categorias_GTM": "Categoria Referência SFCC, Bebidas, Smoothies e Sumos Refrigerados, As Nossas Marcas, Pingo Doce",
        "Data_Coleta": "2025-06-01 02:06:39"
    },
    {
        "ID_Produto": "934095",
        "Categoria_Scraping": "bebidas",
        "Nome": "Smoothing Manga e Goji",
        "Marca": "Pingo Doce",
        "Preco": 0.99,
        "Unidade_Info": "0.25 L | 3,96 €/L",
        "Categorias_GTM": "Bebidas, Smoothies e Sumos Refrigerados, As Nossas Marcas, Pingo Doce, Categoria Referência SFCC",
        "Data_Coleta": "2025-06-01 02:06:46"
    },
    {
        "ID_Produto": "934096",
        "Categoria_Scraping": "bebidas",
        "Nome": "Smoothi Romã e Mirtilo",
        "Marca": "Pingo Doce",
        "Preco": 0.99,
        "Unidade_Info": "0.25 L | 3,96 €/L",
        "Categorias_GTM": "As Nossas Marcas, Pingo Doce, Bebidas, Smoothies e Sumos Refrigerados, Categoria Referência SFCC",
        "Data_Coleta": "2025-06-01 02:06:46"
    },
    {
        "ID_Produto": "909340",
        "Categoria_Scraping": "bebidas",
        "Nome": "Sumo Espremido Ananás",
        "Marca": "Pingo Doce",
        "Preco": 1.49,
        "Unidade_Info": "0.75 L | 1,99 €/L",
        "Categorias_GTM": "As Nossas Marcas, Pingo Doce, Bebidas, Smoothies e Sumos Refrigerados, Categoria Referência SFCC",
        "Data_Coleta": "2025-06-01 02:06:46"
    },
    {
        "ID_Produto": "936097",
        "Categoria_Scraping": "bebidas",
        "Nome": "Sumo Espremido Laranja",
        "Marca": "Pingo Doce",
        "Preco": 1.04,
        "Unidade_Info": "0.33 L | 3,15 €/L",
        "Categorias_GTM": "Categoria Referência SFCC, Bebidas, Smoothies e Sumos Refrigerados, As Nossas Marcas, Pingo Doce",
        "Data_Coleta": "2025-06-01 02:06:46"
    },
    {
        "ID_Produto": "909341",
        "Categoria_Scraping": "bebidas",
        "Nome": "Sumo Espremido Maçã",
        "Marca": "Pingo Doce",
        "Preco": 1.39,
        "Unidade_Info": "0.75 L | 1,85 €/L",
        "Categorias_GTM": "As Nossas Marcas, Pingo Doce, Bebidas, Smoothies e Sumos Refrigerados, Categoria Referência SFCC",
        "Data_Coleta": "2025-06-01 02:06:46"
    },
    {
        "ID_Produto": "934089",
        "Categoria_Scraping": "bebidas",
        "Nome": "Sumo Espremido Tropical Goiaba",
        "Marca": "Pingo Doce",
        "Preco": 1.69,
        "Unidade_Info": "0.75 L | 2,25 €/L",
        "Categorias_GTM": "As Nossas Marcas, Pingo Doce, Bebidas, Smoothies e Sumos Refrigerados, Categoria Referência SFCC",
        "Data_Coleta": "2025-06-01 02:06:46"
    },
    {
        "ID_Produto": "934088",
        "Categoria_Scraping": "bebidas",
        "Nome": "Sumo Espremido Uva, Framboesa e Cereja",
        "Marca": "Pingo Doce",
        "Preco": 1.69,
        "Unidade_Info": "0.75 L | 2,25 €/L",
        "Categorias_GTM": "Bebidas, Smoothies e Sumos Refrigerados, As Nossas Marcas, Pingo Doce, Categoria Referência SFCC",
        "Data_Coleta": "2025-06-01 02:06:46"
    },
    {
        "ID_Produto": "974464",
        "Categoria_Scraping": "bebidas",
        "Nome": "Sumo Frutos Vermelhos com Proteína Vegetal",
        "Marca": "Go Active",
        "Preco": 1.99,
        "Unidade_Info": "0.25 L | 7,96 €/L",
        "Categorias_GTM": "Bebidas, Smoothies e Sumos Refrigerados, As Nossas Marcas, Go Active, Categoria Referência SFCC",
        "Data_Coleta": "2025-06-01 02:06:46"
    },
    {
        "ID_Produto": "961567",
        "Categoria_Scraping": "bebidas",
        "Nome": "Sumo Maçã, Coco e Spirulina",
        "Marca": "Pingo Doce",
        "Preco": 1.79,
        "Unidade_Info": "0.75 L | 2,39 €/L",
        "Categorias_GTM": "Bebidas, Smoothies e Sumos Refrigerados, As Nossas Marcas, Pingo Doce, Categoria Referência SFCC",
        "Data_Coleta": "2025-06-01 02:06:46"
    },
    {
        "ID_Produto": "952874",
        "Categoria_Scraping": "bebidas",
        "Nome": "Sumo Maçã, Limão e Hortelã",
        "Marca": "Pingo Doce",
        "Preco": 1.49,
        "Unidade_Info": "0.25 L | 5,96 €/L",
        "Categorias_GTM": "As Nossas Marcas, Pingo Doce, Categoria Referência SFCC, Bebidas, Smoothies e Sumos Refrigerados",
        "Data_Coleta": "2025-06-01 02:06:46"
    },
    {
        "ID_Produto": "968707",
        "Categoria_Scraping": "bebidas",
        "Nome": "Sumo Manga Curcum com Proteína Whey",
        "Marca": "Go Active",
        "Preco": 1.99,
        "Unidade_Info": "0.25 L | 7,96 €/L",
        "Categorias_GTM": "As Nossas Marcas, Go Active, Bebidas, Smoothies e Sumos Refrigerados, Categoria Referência SFCC",
        "Data_Coleta": "2025-06-01 02:06:46"
    },
    {
        "ID_Produto": "415778",
        "Categoria_Scraping": "bebidas",
        "Nome": "Sumo Natural Laranja e Maçã",
        "Marca": "Pingo Doce",
        "Preco": 0.99,
        "Unidade_Info": "0.25 L | 3,96 €/L",
        "Categorias_GTM": "Bebidas, Smoothies e Sumos Refrigerados, As Nossas Marcas, Pingo Doce, Categoria Referência SFCC",
        "Data_Coleta": "2025-06-01 02:06:46"
    },
    {
        "ID_Produto": "415800",
        "Categoria_Scraping": "bebidas",
        "Nome": "Sumo Natural Maçã",
        "Marca": "Pingo Doce",
        "Preco": 0.99,
        "Unidade_Info": "0.25 L | 3,96 €/L",
        "Categorias_GTM": "Bebidas, Smoothies e Sumos Refrigerados, As Nossas Marcas, Pingo Doce, Categoria Referência SFCC",
        "Data_Coleta": "2025-06-01 02:06:54"
    },
    {
        "ID_Produto": "415838",
        "Categoria_Scraping": "bebidas",
        "Nome": "Sumo Natural Maçã",
        "Marca": "Pingo Doce",
        "Preco": 1.89,
        "Unidade_Info": "0.75 L | 2,52 €/L",
        "Categorias_GTM": "Bebidas, Smoothies e Sumos Refrigerados, As Nossas Marcas, Pingo Doce, Categoria Referência SFCC",
        "Data_Coleta": "2025-06-01 02:06:54"
    },
    {
        "ID_Produto": "415804",
        "Categoria_Scraping": "bebidas",
        "Nome": "Sumo Natural Maçã e Cenoura",
        "Marca": "Pingo Doce",
        "Preco": 1.89,
        "Unidade_Info": "0.75 L | 2,52 €/L",
        "Categorias_GTM": "Bebidas, Smoothies e Sumos Refrigerados, As Nossas Marcas, Pingo Doce, Categoria Referência SFCC",
        "Data_Coleta": "2025-06-01 02:06:54"
    },
    {
        "ID_Produto": "415803",
        "Categoria_Scraping": "bebidas",
        "Nome": "Sumo Natural Maçã e Cenoura",
        "Marca": "Pingo Doce",
        "Preco": 0.99,
        "Unidade_Info": "0.25 L | 3,96 €/L",
        "Categorias_GTM": "Bebidas, Smoothies e Sumos Refrigerados, As Nossas Marcas, Pingo Doce, Categoria Referência SFCC",
        "Data_Coleta": "2025-06-01 02:06:54"
    },
    {
        "ID_Produto": "949975",
        "Categoria_Scraping": "bebidas",
        "Nome": "Sumo Vegetal Beterraba",
        "Marca": "Pingo Doce",
        "Preco": 1.49,
        "Unidade_Info": "0.25 L | 5,96 €/L",
        "Categorias_GTM": "As Nossas Marcas, Pingo Doce, Categoria Referência SFCC, Bebidas, Smoothies e Sumos Refrigerados",
        "Data_Coleta": "2025-06-01 02:06:54"
    },
    {
        "ID_Produto": "950059",
        "Categoria_Scraping": "bebidas",
        "Nome": "Sumo Vegetal Cenoura",
        "Marca": "Pingo Doce",
        "Preco": 1.49,
        "Unidade_Info": "0.25 L | 5,96 €/L",
        "Categorias_GTM": "As Nossas Marcas, Pingo Doce, Categoria Referência SFCC, Smoothies e Sumos Refrigerados, Bebidas",
        "Data_Coleta": "2025-06-01 02:06:54"
    },
    {
        "ID_Produto": "949974",
        "Categoria_Scraping": "bebidas",
        "Nome": "Sumo Vegetal Espinafres",
        "Marca": "Pingo Doce",
        "Preco": 1.49,
        "Unidade_Info": "0.25 L | 5,96 €/L",
        "Categorias_GTM": "As Nossas Marcas, Pingo Doce, Categoria Referência SFCC, Bebidas, Smoothies e Sumos Refrigerados",
        "Data_Coleta": "2025-06-01 02:06:54"
    },
    {
        "ID_Produto": "722747",
        "Categoria_Scraping": "bebidas",
        "Nome": "Vinho Branco Alentejo Pingo Doce",
        "Marca": "Pingo Doce",
        "Preco": 0.96,
        "Unidade_Info": "0.375 L | 2,56 €/L",
        "Categorias_GTM": "As Nossas Marcas, Pingo Doce, Categoria Referência SFCC, Alentejo, Bebidas",
        "Data_Coleta": "2025-06-01 02:06:54"
    },
    {
        "ID_Produto": "959917",
        "Categoria_Scraping": "bebidas",
        "Nome": "Vinho Branco da Beira Pingo Doce Bio",
        "Marca": "Biológico",
        "Preco": 4.49,
        "Unidade_Info": "0.75 L | 5,99 €/L",
        "Categorias_GTM": "As Nossas Marcas, Biológico, Dão, Beira e Bairrada, Bebidas, Vinho Branco",
        "Data_Coleta": "2025-06-01 02:06:54"
    },
    {
        "ID_Produto": "976514",
        "Categoria_Scraping": "bebidas",
        "Nome": "Vinho Branco da Beira Rabigato Pingo Doce",
        "Marca": "Pingo Doce",
        "Preco": 4.99,
        "Unidade_Info": "0.75 L | 6,65 €/L",
        "Categorias_GTM": "As Nossas Marcas, Pingo Doce, Bebidas, Vinho Branco, Dão, Beira e Bairrada",
        "Data_Coleta": "2025-06-01 02:06:54"
    },
    {
        "ID_Produto": "962577",
        "Categoria_Scraping": "bebidas",
        "Nome": "Vinho Branco Dão Pingo Doce Encruzado",
        "Marca": "Pingo Doce",
        "Preco": 4.99,
        "Unidade_Info": "0.75 L | 6,65 €/L",
        "Categorias_GTM": "As Nossas Marcas, Pingo Doce, Dão, Beira e Bairrada, Vinho Branco, Bebidas",
        "Data_Coleta": "2025-06-01 02:06:54"
    },
    {
        "ID_Produto": "629198",
        "Categoria_Scraping": "bebidas",
        "Nome": "Vinho Branco Douro Pingo Doce",
        "Marca": "Pingo Doce",
        "Preco": 2.59,
        "Unidade_Info": "0.75 L | 3,45 €/L",
        "Categorias_GTM": "Categoria Referência SFCC, Douro, Bebidas, Vinho Branco, As Nossas Marcas",
        "Data_Coleta": "2025-06-01 02:06:54"
    },
    {
        "ID_Produto": "928202",
        "Categoria_Scraping": "bebidas",
        "Nome": "Vinho Branco Douro Pingo Doce Reserva",
        "Marca": "Pingo Doce",
        "Preco": 3.99,
        "Unidade_Info": "0.75 L | 5,32 €/L",
        "Categorias_GTM": "Douro, Bebidas, Vinho Branco, As Nossas Marcas, Pingo Doce",
        "Data_Coleta": "2025-06-01 02:07:02"
    },
    {
        "ID_Produto": "944655",
        "Categoria_Scraping": "bebidas",
        "Nome": "Vinho Branco Tejo Chardonnay Arinto Pingo Doce",
        "Marca": "Pingo Doce",
        "Preco": 3.99,
        "Unidade_Info": "0.75 L | 5,32 €/L",
        "Categorias_GTM": "As Nossas Marcas, Pingo Doce, Categoria Referência SFCC, Tejo, Bebidas",
        "Data_Coleta": "2025-06-01 02:07:02"
    },
    {
        "ID_Produto": "39202",
        "Categoria_Scraping": "bebidas",
        "Nome": "Vinho Branco Tejo Pingo Doce",
        "Marca": "Pingo Doce",
        "Preco": 1.89,
        "Unidade_Info": "0.75 L | 2,52 €/L",
        "Categorias_GTM": "Tejo, Bebidas, Vinho Branco, As Nossas Marcas, Pingo Doce",
        "Data_Coleta": "2025-06-01 02:07:02"
    },
    {
        "ID_Produto": "928236",
        "Categoria_Scraping": "bebidas",
        "Nome": "Vinho Branco Tejo Pingo Doce Fernão Pires",
        "Marca": "Pingo Doce",
        "Preco": 2.99,
        "Unidade_Info": "0.75 L | 3,99 €/L",
        "Categorias_GTM": "As Nossas Marcas, Pingo Doce, Tejo, Bebidas, Vinho Branco",
        "Data_Coleta": "2025-06-01 02:07:02"
    },
    {
        "ID_Produto": "899692",
        "Categoria_Scraping": "bebidas",
        "Nome": "Vinho Branco Tejo Pingo Doce Sauvignon Blanc & Verdelho",
        "Marca": "Pingo Doce",
        "Preco": 3.99,
        "Unidade_Info": "0.75 L | 5,32 €/L",
        "Categorias_GTM": "Tejo, Bebidas, Vinho Branco, As Nossas Marcas, Pingo Doce",
        "Data_Coleta": "2025-06-01 02:07:02"
    },
    {
        "ID_Produto": "647618",
        "Categoria_Scraping": "bebidas",
        "Nome": "Vinho da Madeira 3 Anos Pingo Doce",
        "Marca": "Pingo Doce",
        "Preco": 5.99,
        "Unidade_Info": "0.75 L | 7,99 €/L",
        "Categorias_GTM": "As Nossas Marcas, Pingo Doce, Categoria Referência SFCC, Bebidas, Moscatel e outros Vinhos",
        "Data_Coleta": "2025-06-01 02:07:02"
    },
    {
        "ID_Produto": "39206",
        "Categoria_Scraping": "bebidas",
        "Nome": "Vinho do Porto 10 Anos Pingo Doce",
        "Marca": "Pingo Doce",
        "Preco": 9.49,
        "Unidade_Info": "0.75 L | 12,65 €/L",
        "Categorias_GTM": "Bebidas, Vinho do Porto, As Nossas Marcas, Pingo Doce, Categoria Referência SFCC",
        "Data_Coleta": "2025-06-01 02:07:02"
    },
    {
        "ID_Produto": "758815",
        "Categoria_Scraping": "bebidas",
        "Nome": "Vinho do Porto Branco Pingo Doce",
        "Marca": "Pingo Doce",
        "Preco": 4.49,
        "Unidade_Info": "0.75 Un | 5,99 €/Un",
        "Categorias_GTM": "Categoria Referência SFCC, Bebidas, Vinho do Porto, As Nossas Marcas, Pingo Doce",
        "Data_Coleta": "2025-06-01 02:07:02"
    },
    {
        "ID_Produto": "301270",
        "Categoria_Scraping": "bebidas",
        "Nome": "Vinho do Porto LBV",
        "Marca": "Pingo Doce",
        "Preco": 8.69,
        "Unidade_Info": "0.75 L | 11,59 €/L",
        "Categorias_GTM": "Bebidas, Vinho do Porto, As Nossas Marcas, Pingo Doce, Categoria Referência SFCC",
        "Data_Coleta": "2025-06-01 02:07:02"
    },
    {
        "ID_Produto": "927108",
        "Categoria_Scraping": "bebidas",
        "Nome": "Vinho Rosé Alentejo Pingo Doce Nacional",
        "Marca": "Pingo Doce",
        "Preco": 3.69,
        "Unidade_Info": "0.75 L | 4,92 €/L",
        "Categorias_GTM": "Bebidas, Vinho Rosé, As Nossas Marcas, Pingo Doce, Poupe Esta Semana",
        "Data_Coleta": "2025-06-01 02:07:02"
    },
    {
        "ID_Produto": "978101",
        "Categoria_Scraping": "bebidas",
        "Nome": "Vinho Rosé Alentejo Pingo Doce Sangioveste e Touriga Nacional",
        "Marca": "Pingo Doce",
        "Preco": 2.99,
        "Unidade_Info": "0.75 L | 3,99 €/L",
        "Categorias_GTM": "As Nossas Marcas, Pingo Doce, Bebidas, Vinho Rosé, Categoria Referência SFCC",
        "Data_Coleta": "2025-06-01 02:07:02"
    },
    {
        "ID_Produto": "944525",
        "Categoria_Scraping": "bebidas",
        "Nome": "Vinho Rosé Moscatel Roxo Península de Setúbal Pingo Doce",
        "Marca": "Pingo Doce",
        "Preco": 2.99,
        "Unidade_Info": "0.75 L | 3,99 €/L",
        "Categorias_GTM": "As Nossas Marcas, Pingo Doce, Categoria Referência SFCC, Bebidas",
        "Data_Coleta": "2025-06-01 02:07:02"
    },
    {
        "ID_Produto": "551581",
        "Categoria_Scraping": "bebidas",
        "Nome": "Vinho Rosé Península de Setúbal Pingo Doce",
        "Marca": "Pingo Doce",
        "Preco": 1.69,
        "Unidade_Info": "0.75 L | 2,25 €/L",
        "Categorias_GTM": "Categoria Referência SFCC, Bebidas, Poupe Esta Semana, Promoções, As Nossas Marcas",
        "Data_Coleta": "2025-06-01 02:07:10"
    },
    {
        "ID_Produto": "263840",
        "Categoria_Scraping": "bebidas",
        "Nome": "Vinho Tinto Alentejo Pingo Doce",
        "Marca": "Pingo Doce",
        "Preco": 1.49,
        "Unidade_Info": "0.75 L | 1,99 €/L",
        "Categorias_GTM": "Bebidas, Alentejo, Vinho Tinto, As Nossas Marcas, Pingo Doce",
        "Data_Coleta": "2025-06-01 02:07:10"
    },
    {
        "ID_Produto": "722746",
        "Categoria_Scraping": "bebidas",
        "Nome": "Vinho Tinto Alentejo Pingo Doce",
        "Marca": "Pingo Doce",
        "Preco": 0.96,
        "Unidade_Info": "0.375 L | 2,56 €/L",
        "Categorias_GTM": "Categoria Referência SFCC, Bebidas, Alentejo, Vinho Tinto, As Nossas Marcas",
        "Data_Coleta": "2025-06-01 02:07:10"
    },
    {
        "ID_Produto": "948553",
        "Categoria_Scraping": "bebidas",
        "Nome": "Vinho Tinto Alentejo Pingo Doce Alicante Bouschet",
        "Marca": "Pingo Doce",
        "Preco": 3.49,
        "Unidade_Info": "0.75 L | 4,65 €/L",
        "Categorias_GTM": "As Nossas Marcas, Pingo Doce, Categoria Referência SFCC, Bebidas, Alentejo",
        "Data_Coleta": "2025-06-01 02:07:10"
    },
    {
        "ID_Produto": "933308",
        "Categoria_Scraping": "bebidas",
        "Nome": "Vinho Tinto Alentejo Pingo Doce Cabernet Sauvignon Aragonez",
        "Marca": "Pingo Doce",
        "Preco": 2.99,
        "Unidade_Info": "0.75 L | 3,99 €/L",
        "Categorias_GTM": "As Nossas Marcas, Pingo Doce, Bebidas, Alentejo, Vinho Tinto",
        "Data_Coleta": "2025-06-01 02:07:10"
    },
    {
        "ID_Produto": "532168",
        "Categoria_Scraping": "bebidas",
        "Nome": "Vinho Tinto Alentejo Pingo Doce Reserva",
        "Marca": "Pingo Doce",
        "Preco": 2.59,
        "Unidade_Info": "0.75 L | 3,45 €/L",
        "Categorias_GTM": "Categoria Referência SFCC, Bebidas, Alentejo, Vinho Tinto, As Nossas Marcas",
        "Data_Coleta": "2025-06-01 02:07:10"
    },
    {
        "ID_Produto": "965956",
        "Categoria_Scraping": "bebidas",
        "Nome": "Vinho Tinto Alentejo Sousão Petit Verdot Pingo Doce",
        "Marca": "Pingo Doce",
        "Preco": 2.99,
        "Unidade_Info": "0.75 L | 3,99 €/L",
        "Categorias_GTM": "Bebidas, Alentejo, Vinho Tinto, As Nossas Marcas, Pingo Doce",
        "Data_Coleta": "2025-06-01 02:07:10"
    },
    {
        "ID_Produto": "959814",
        "Categoria_Scraping": "bebidas",
        "Nome": "Vinho Tinto da Beira Interior Pingo Doce Bio",
        "Marca": "Biológico",
        "Preco": 4.49,
        "Unidade_Info": "0.75 L | 5,99 €/L",
        "Categorias_GTM": "As Nossas Marcas, Biológico, Bebidas, Dão, Beira e Bairrada, Vinho Tinto",
        "Data_Coleta": "2025-06-01 02:07:10"
    },
    {
        "ID_Produto": "489828",
        "Categoria_Scraping": "bebidas",
        "Nome": "Vinho Tinto Dão Colheita Selecionada Pingo Doce",
        "Marca": "Pingo Doce",
        "Preco": 2.19,
        "Unidade_Info": "0.75 L | 2,92 €/L",
        "Categorias_GTM": "Categoria Referência SFCC, Bebidas, Dão, Beira e Bairrada, Vinho Tinto, Pingo Doce",
        "Data_Coleta": "2025-06-01 02:07:10"
    },
    {
        "ID_Produto": "20244",
        "Categoria_Scraping": "bebidas",
        "Nome": "Vinho Tinto Dão Pingo Doce Reserva",
        "Marca": "Pingo Doce",
        "Preco": 2.99,
        "Unidade_Info": "0.75 L | 3,99 €/L",
        "Categorias_GTM": "Bebidas, Dão, Beira e Bairrada, Vinho Tinto, As Nossas Marcas, Pingo Doce",
        "Data_Coleta": "2025-06-01 02:07:10"
    },
    {
        "ID_Produto": "899983",
        "Categoria_Scraping": "bebidas",
        "Nome": "Vinho Tinto Dão Touriga Nacional Pingo Doce",
        "Marca": "Pingo Doce",
        "Preco": 2.99,
        "Unidade_Info": "0.75 L | 3,99 €/L",
        "Categorias_GTM": "Bebidas, Dão, Beira e Bairrada, Vinho Tinto, As Nossas Marcas, Pingo Doce",
        "Data_Coleta": "2025-06-01 02:07:10"
    },
    {
        "ID_Produto": "46181",
        "Categoria_Scraping": "bebidas",
        "Nome": "Vinho Tinto Douro Pingo Doce",
        "Marca": "Pingo Doce",
        "Preco": 2.59,
        "Unidade_Info": "0.75 L | 3,45 €/L",
        "Categorias_GTM": "Bebidas, Douro, Vinho Tinto, Categoria Referência SFCC, As Nossas Marcas",
        "Data_Coleta": "2025-06-01 02:07:10"
    },
    {
        "ID_Produto": "918860",
        "Categoria_Scraping": "bebidas",
        "Nome": "Vinho Tinto Douro Pingo Doce Três Tourigas Reserva",
        "Marca": "Pingo Doce",
        "Preco": 5.49,
        "Unidade_Info": "0.75 L | 7,32 €/L",
        "Categorias_GTM": "Bebidas, Douro, Vinho Tinto, As Nossas Marcas, Pingo Doce",
        "Data_Coleta": "2025-06-01 02:07:19"
    },
    {
        "ID_Produto": "981299",
        "Categoria_Scraping": "bebidas",
        "Nome": "Vinho Tinto Lisboa Pingo Doce Pinot Noir",
        "Marca": "Pingo Doce",
        "Preco": 4.99,
        "Unidade_Info": "0.75 L | 6,65 €/L",
        "Categorias_GTM": "As Nossas Marcas, Pingo Doce, Bebidas, Lisboa, Vinho Tinto",
        "Data_Coleta": "2025-06-01 02:07:19"
    },
    {
        "ID_Produto": "899709",
        "Categoria_Scraping": "bebidas",
        "Nome": "Vinho Tinto Lisboa Pingo Doce Reserva",
        "Marca": "Pingo Doce",
        "Preco": 2.69,
        "Unidade_Info": "0.75 L | 3,59 €/L",
        "Categorias_GTM": "Vinho Tinto, Bebidas, Lisboa, As Nossas Marcas, Pingo Doce",
        "Data_Coleta": "2025-06-01 02:07:19"
    },
    {
        "ID_Produto": "899982",
        "Categoria_Scraping": "bebidas",
        "Nome": "Vinho Tinto Lisboa Pingo Doce Syrah",
        "Marca": "Pingo Doce",
        "Preco": 2.99,
        "Unidade_Info": "0.75 L | 3,99 €/L",
        "Categorias_GTM": "Bebidas, Lisboa, Vinho Tinto, As Nossas Marcas, Pingo Doce",
        "Data_Coleta": "2025-06-01 02:07:19"
    },
    {
        "ID_Produto": "57328",
        "Categoria_Scraping": "bebidas",
        "Nome": "Vinho Tinto Palmela Pingo Doce",
        "Marca": "Pingo Doce",
        "Preco": 1.99,
        "Unidade_Info": "0.75 L | 2,65 €/L",
        "Categorias_GTM": "Categoria Referência SFCC, Bebidas, As Nossas Marcas, Pingo Doce",
        "Data_Coleta": "2025-06-01 02:07:19"
    },
    {
        "ID_Produto": "305060",
        "Categoria_Scraping": "bebidas",
        "Nome": "Vinho Tinto Palmela Reserva Pingo Doce",
        "Marca": "Pingo Doce",
        "Preco": 2.79,
        "Unidade_Info": "0.75 L | 3,72 €/L",
        "Categorias_GTM": "As Nossas Marcas, Pingo Doce, Bebidas, Categoria Referência SFCC",
        "Data_Coleta": "2025-06-01 02:07:19"
    },
    {
        "ID_Produto": "899981",
        "Categoria_Scraping": "bebidas",
        "Nome": "Vinho Tinto Península de Setúbal Castelão Pingo Doce Vinhas Velhas",
        "Marca": "Pingo Doce",
        "Preco": 4.99,
        "Unidade_Info": "0.75 L | 6,65 €/L",
        "Categorias_GTM": "As Nossas Marcas, Pingo Doce, Bebidas, Categoria Referência SFCC",
        "Data_Coleta": "2025-06-01 02:07:19"
    },
    {
        "ID_Produto": "899971",
        "Categoria_Scraping": "bebidas",
        "Nome": "Vinho Tinto Península de Setúbal Syrah & Alicante Bouschet Pingo Doce",
        "Marca": "Pingo Doce",
        "Preco": 3.99,
        "Unidade_Info": "0.75 L | 5,32 €/L",
        "Categorias_GTM": "Bebidas, As Nossas Marcas, Pingo Doce, Categoria Referência SFCC",
        "Data_Coleta": "2025-06-01 02:07:19"
    },
    {
        "ID_Produto": "879469",
        "Categoria_Scraping": "bebidas",
        "Nome": "Vinho Tinto Pingo Doce",
        "Marca": "Pingo Doce",
        "Preco": 0.55,
        "Unidade_Info": "0.25 L | 2,2 €/L",
        "Categorias_GTM": "Bebidas, Corrente, Vinho Tinto, As Nossas Marcas, Pingo Doce",
        "Data_Coleta": "2025-06-01 02:07:19"
    },
    {
        "ID_Produto": "559196",
        "Categoria_Scraping": "bebidas",
        "Nome": "Vinho Tinto Pingo Doce",
        "Marca": "Pingo Doce",
        "Preco": 0.89,
        "Unidade_Info": "1 L | 0,89 €/L",
        "Categorias_GTM": "Categoria Referência SFCC, Bebidas, Corrente, Vinho Tinto, As Nossas Marcas",
        "Data_Coleta": "2025-06-01 02:07:19"
    },
    {
        "ID_Produto": "39203",
        "Categoria_Scraping": "bebidas",
        "Nome": "Vinho Tinto Tejo Pingo Doce",
        "Marca": "Pingo Doce",
        "Preco": 1.89,
        "Unidade_Info": "0.75 L | 2,52 €/L",
        "Categorias_GTM": "Bebidas, Tejo, Vinho Tinto, As Nossas Marcas, Pingo Doce",
        "Data_Coleta": "2025-06-01 02:07:19"
    },
    {
        "ID_Produto": "39196",
        "Categoria_Scraping": "bebidas",
        "Nome": "Vinho Verde Branco Alvarinho",
        "Marca": "Pingo Doce",
        "Preco": 3.99,
        "Unidade_Info": "0.75 L | 5,32 €/L",
        "Categorias_GTM": "Verde, Bebidas, Vinho Branco, As Nossas Marcas, Pingo Doce",
        "Data_Coleta": "2025-06-01 02:07:19"
    },
    {
        "ID_Produto": "20655",
        "Categoria_Scraping": "bebidas",
        "Nome": "Vinho Verde Branco Loureiro Pingo Doce",
        "Marca": "Pingo Doce",
        "Preco": 2.49,
        "Unidade_Info": "0.75 L | 3,32 €/L",
        "Categorias_GTM": "Verde, Bebidas, Vinho Branco, As Nossas Marcas, Pingo Doce",
        "Data_Coleta": "2025-06-01 02:07:27"
    },
    {
        "ID_Produto": "20647",
        "Categoria_Scraping": "bebidas",
        "Nome": "Vinho Verde Branco Pingo Doce",
        "Marca": "Pingo Doce",
        "Preco": 1.99,
        "Unidade_Info": "0.75 L | 2,65 €/L",
        "Categorias_GTM": "As Nossas Marcas, Pingo Doce, Verde, Bebidas, Vinho Branco",
        "Data_Coleta": "2025-06-01 02:07:27"
    },
    {
        "ID_Produto": "900123",
        "Categoria_Scraping": "bebidas",
        "Nome": "Vinho Verde Branco Pingo Doce Alvarinho Reserva",
        "Marca": "Pingo Doce",
        "Preco": 5.49,
        "Unidade_Info": "0.75 L | 7,32 €/L",
        "Categorias_GTM": "Verde, Bebidas, Vinho Branco, As Nossas Marcas, Pingo Doce",
        "Data_Coleta": "2025-06-01 02:07:27"
    },
    {
        "ID_Produto": "927300",
        "Categoria_Scraping": "bebidas",
        "Nome": "Vinho Verde Branco Pingo Doce Alvarinho Trajadura",
        "Marca": "Pingo Doce",
        "Preco": 2.99,
        "Unidade_Info": "0.75 L | 3,99 €/L",
        "Categorias_GTM": "Verde, Bebidas, Vinho Branco, As Nossas Marcas, Pingo Doce",
        "Data_Coleta": "2025-06-01 02:07:27"
    },
    {
        "ID_Produto": "716255",
        "Categoria_Scraping": "bebidas",
        "Nome": "Vinho Verde Rosé Pingo Doce",
        "Marca": "Pingo Doce",
        "Preco": 2.59,
        "Unidade_Info": "0.75 L | 3,45 €/L",
        "Categorias_GTM": "Categoria Referência SFCC, Bebidas, Vinho Rosé, As Nossas Marcas, Pingo Doce",
        "Data_Coleta": "2025-06-01 02:07:27"
    },
    {
        "ID_Produto": "749935",
        "Categoria_Scraping": "bebidas",
        "Nome": "Água com Gás",
        "Marca": "S. Pellegrino",
        "Preco": 1.99,
        "Unidade_Info": "1 L | 1,99 €/L",
        "Categorias_GTM": "Categoria Referência SFCC, Água, Água com Gás, Bebidas",
        "Data_Coleta": "2025-06-01 02:07:27"
    },
    {
        "ID_Produto": "905531",
        "Categoria_Scraping": "bebidas",
        "Nome": "Água com Gás",
        "Marca": "Arieiro",
        "Preco": 1.29,
        "Unidade_Info": "1.5 L | 0,86 €/L",
        "Categorias_GTM": "Água, Água com Gás, Bebidas, Categoria Referência SFCC",
        "Data_Coleta": "2025-06-01 02:07:27"
    },
    {
        "ID_Produto": "733425",
        "Categoria_Scraping": "bebidas",
        "Nome": "Água com Gás",
        "Marca": "Vimeiro",
        "Preco": 1.13,
        "Unidade_Info": "1.5 L | 0,75 €/L",
        "Categorias_GTM": "Categoria Referência SFCC, Água, Água com Gás, Bebidas",
        "Data_Coleta": "2025-06-01 02:07:27"
    },
    {
        "ID_Produto": "866421",
        "Categoria_Scraping": "bebidas",
        "Nome": "Água com Gás Frutos Vermelhos Pack 4",
        "Marca": "Pedras Salgadas",
        "Preco": 2.19,
        "Unidade_Info": "4 x0.25 L | 2,19 €/L",
        "Categorias_GTM": "Água, Água com Gás, Bebidas, Poupe Esta Semana, Categoria Referência SFCC",
        "Data_Coleta": "2025-06-01 02:07:27"
    },
    {
        "ID_Produto": "558680",
        "Categoria_Scraping": "bebidas",
        "Nome": "Água com Gás Groselha Pack 4",
        "Marca": "Frize",
        "Preco": 2.09,
        "Unidade_Info": "4 x0.25 L | 2,09 €/L",
        "Categorias_GTM": "Poupe Esta Semana, Categoria Referência SFCC, Água, Água com Gás, Bebidas",
        "Data_Coleta": "2025-06-01 02:07:27"
    },
    {
        "ID_Produto": "971101",
        "Categoria_Scraping": "bebidas",
        "Nome": "Água com Gás Laranja Pack 4",
        "Marca": "Frize",
        "Preco": 2.09,
        "Unidade_Info": "4 x0.25 L | 2,09 €/L",
        "Categorias_GTM": "Poupe Esta Semana, Água, Água com Gás, Bebidas, Promoções",
        "Data_Coleta": "2025-06-01 02:07:27"
    },
    {
        "ID_Produto": "604443",
        "Categoria_Scraping": "bebidas",
        "Nome": "Água com Gás Levíssima Pack 6",
        "Marca": "Pedras Salgadas",
        "Preco": 3.29,
        "Unidade_Info": "6 x0.33 L | 1,66 €/L",
        "Categorias_GTM": "Categoria Referência SFCC, Água, Água com Gás, Bebidas",
        "Data_Coleta": "2025-06-01 02:07:27"
    },
    {
        "ID_Produto": "820390",
        "Categoria_Scraping": "bebidas",
        "Nome": "Água com Gás Lima, Pepino e Gengibre Pack 4",
        "Marca": "Frize",
        "Preco": 2.09,
        "Unidade_Info": "4 x0.25 L | 2,09 €/L",
        "Categorias_GTM": "Promoções, Água com Gás, Bebidas, Categoria Referência SFCC, Poupe Este Fim De Semana",
        "Data_Coleta": "2025-06-01 02:07:36"
    },
    {
        "ID_Produto": "945967",
        "Categoria_Scraping": "bebidas",
        "Nome": "Água com Gás Limão",
        "Marca": "Frize",
        "Preco": 1.49,
        "Unidade_Info": "0.75 L | 1,99 €/L",
        "Categorias_GTM": "Água, Água com Gás, Bebidas, Categoria Referência SFCC",
        "Data_Coleta": "2025-06-01 02:07:36"
    },
    {
        "ID_Produto": "843703",
        "Categoria_Scraping": "bebidas",
        "Nome": "Água com Gás Limão",
        "Marca": "Pedras Salgadas",
        "Preco": 1.49,
        "Unidade_Info": "1 L | 1,49 €/L",
        "Categorias_GTM": "Categoria Referência SFCC, Água, Água com Gás, Bebidas",
        "Data_Coleta": "2025-06-01 02:07:36"
    },
    {
        "ID_Produto": "975852",
        "Categoria_Scraping": "bebidas",
        "Nome": "Água com Gás Limão Pack 8",
        "Marca": "Frize",
        "Preco": 3.89,
        "Unidade_Info": "2 L | 1,95 €/L",
        "Categorias_GTM": "Água, Água com Gás, Bebidas, Categoria Referência SFCC",
        "Data_Coleta": "2025-06-01 02:07:36"
    },
    {
        "ID_Produto": "909241",
        "Categoria_Scraping": "bebidas",
        "Nome": "Água com Gás Maracujá Pack 4",
        "Marca": "Frize",
        "Preco": 2.09,
        "Unidade_Info": "4 x0.25 L | 2,09 €/L",
        "Categorias_GTM": "Água, Água com Gás, Bebidas, Poupe Esta Semana, Promoções",
        "Data_Coleta": "2025-06-01 02:07:36"
    },
    {
        "ID_Produto": "201370",
        "Categoria_Scraping": "bebidas",
        "Nome": "Água com Gás Pack 6",
        "Marca": "Frize",
        "Preco": 2.69,
        "Unidade_Info": "6 x0.25 L | 1,79 €/L",
        "Categorias_GTM": "Água, Água com Gás, Bebidas, Categoria Referência SFCC",
        "Data_Coleta": "2025-06-01 02:07:36"
    },
    {
        "ID_Produto": "875425",
        "Categoria_Scraping": "bebidas",
        "Nome": "Água com Gás Pack 6",
        "Marca": "Pedras Salgadas",
        "Preco": 2.99,
        "Unidade_Info": "6 x0.25 L | 1,99 €/L",
        "Categorias_GTM": "Categoria Referência SFCC, Água, Água com Gás, Bebidas",
        "Data_Coleta": "2025-06-01 02:07:36"
    },
    {
        "ID_Produto": "699568",
        "Categoria_Scraping": "bebidas",
        "Nome": "Água Mineral",
        "Marca": "Pingo Doce",
        "Preco": 0.15,
        "Unidade_Info": "0.33 L | 0,45 €/L",
        "Categorias_GTM": "Água, Água sem Gás, Bebidas, As Nossas Marcas, Pingo Doce",
        "Data_Coleta": "2025-06-01 02:07:36"
    },
    {
        "ID_Produto": "35252",
        "Categoria_Scraping": "bebidas",
        "Nome": "Água Mineral",
        "Marca": "Evian",
        "Preco": 2.09,
        "Unidade_Info": "1.5 L | 1,39 €/L",
        "Categorias_GTM": "Água, Água sem Gás, Bebidas, Categoria Referência SFCC",
        "Data_Coleta": "2025-06-01 02:07:36"
    },
    {
        "ID_Produto": "813245",
        "Categoria_Scraping": "bebidas",
        "Nome": "Aguardente Adega Velha Reserva 6 Anos",
        "Marca": "Adega Velha",
        "Preco": 29.99,
        "Unidade_Info": "0.5 L | 59,98 €/L",
        "Categorias_GTM": "Categoria Referência SFCC, Bebidas, Outras Bebidas, Whisky e Espirituosas",
        "Data_Coleta": "2025-06-01 02:07:36"
    },
    {
        "ID_Produto": "705034",
        "Categoria_Scraping": "bebidas",
        "Nome": "Aguardente Aldeia Velha Bagaceira",
        "Marca": "Aldeia Velha",
        "Preco": 15.99,
        "Unidade_Info": "0.7 L | 22,84 €/L",
        "Categorias_GTM": "Categoria Referência SFCC, Bebidas, Outras Bebidas, Whisky e Espirituosas",
        "Data_Coleta": "2025-06-01 02:07:36"
    },
    {
        "ID_Produto": "849029",
        "Categoria_Scraping": "bebidas",
        "Nome": "Aguardente Bagaceira Portugueza",
        "Marca": "Bagaceira Portuguesa",
        "Preco": 14.29,
        "Unidade_Info": "1 L | 14,29 €/L",
        "Categorias_GTM": "Categoria Referência SFCC, Bebidas, Outras Bebidas, Whisky e Espirituosas",
        "Data_Coleta": "2025-06-01 02:07:36"
    },
    {
        "ID_Produto": "442372",
        "Categoria_Scraping": "bebidas",
        "Nome": "Aguardente Bagaceira Rochedo",
        "Marca": "Rochedo",
        "Preco": 12.69,
        "Unidade_Info": "1 L | 12,69 €/L",
        "Categorias_GTM": "Bebidas, Outras Bebidas, Whisky e Espirituosas, Categoria Referência SFCC",
        "Data_Coleta": "2025-06-01 02:07:45"
    },
    {
        "ID_Produto": "41062",
        "Categoria_Scraping": "bebidas",
        "Nome": "Aguardente Bagaceira São Domingos",
        "Marca": "São Domingos",
        "Preco": 17.89,
        "Unidade_Info": "1 L | 17,89 €/L",
        "Categorias_GTM": "Bebidas, Outras Bebidas, Whisky e Espirituosas, Categoria Referência SFCC",
        "Data_Coleta": "2025-06-01 02:07:45"
    },
    {
        "ID_Produto": "961112",
        "Categoria_Scraping": "bebidas",
        "Nome": "Aguardente Velha Aldeia Velha",
        "Marca": "Aldeia Velha",
        "Preco": 18.79,
        "Unidade_Info": "0.7 L | 26,84 €/L",
        "Categorias_GTM": "Bebidas, Outras Bebidas, Whisky e Espirituosas, Categoria Referência SFCC",
        "Data_Coleta": "2025-06-01 02:07:45"
    },
    {
        "ID_Produto": "67104",
        "Categoria_Scraping": "bebidas",
        "Nome": "Aguardente Velha Aliança",
        "Marca": "Aliança",
        "Preco": 14.59,
        "Unidade_Info": "0.7 L | 20,84 €/L",
        "Categorias_GTM": "Categoria Referência SFCC, Bebidas, Outras Bebidas, Whisky e Espirituosas",
        "Data_Coleta": "2025-06-01 02:07:45"
    },
    {
        "ID_Produto": "41022",
        "Categoria_Scraping": "bebidas",
        "Nome": "Aguardente Velha Reserva Extra CR&F",
        "Marca": "CR&F",
        "Preco": 49.95,
        "Unidade_Info": "0.7 L | 71,36 €/L",
        "Categorias_GTM": "Bebidas, Outras Bebidas, Whisky e Espirituosas, Categoria Referência SFCC",
        "Data_Coleta": "2025-06-01 02:07:45"
    },
    {
        "ID_Produto": "844412",
        "Categoria_Scraping": "bebidas",
        "Nome": "Aguardente Vínica Velha Martha's",
        "Marca": "Martha's",
        "Preco": 20.79,
        "Unidade_Info": "0.7 L | 29,7 €/L",
        "Categorias_GTM": "N/A",
        "Data_Coleta": "2025-06-01 02:07:45"
    },
    {
        "ID_Produto": "710413",
        "Categoria_Scraping": "bebidas",
        "Nome": "Água sem Gás",
        "Marca": "Evian",
        "Preco": 1.59,
        "Unidade_Info": "0.75 L | 2,12 €/L",
        "Categorias_GTM": "Água, Água sem Gás, Bebidas, Categoria Referência SFCC",
        "Data_Coleta": "2025-06-01 02:07:45"
    },
    {
        "ID_Produto": "776638",
        "Categoria_Scraping": "bebidas",
        "Nome": "Água sem Gás",
        "Marca": "Fastio",
        "Preco": 0.47,
        "Unidade_Info": "1 L | 0,47 €/L",
        "Categorias_GTM": "Categoria Referência SFCC, Água, Água sem Gás, Bebidas, Poupe Este Fim De Semana",
        "Data_Coleta": "2025-06-01 02:07:45"
    },
    {
        "ID_Produto": "921294",
        "Categoria_Scraping": "bebidas",
        "Nome": "Água sem Gás Alcalina Pack 6",
        "Marca": "Monchique",
        "Preco": 2.69,
        "Unidade_Info": "6 x0.51 L | 0,88 €/L",
        "Categorias_GTM": "Água, Água sem Gás, Bebidas, Categoria Referência SFCC",
        "Data_Coleta": "2025-06-01 02:07:45"
    },
    {
        "ID_Produto": "862332",
        "Categoria_Scraping": "bebidas",
        "Nome": "Água sem Gás Frutos Vermelhos",
        "Marca": "Luso",
        "Preco": 0.78,
        "Unidade_Info": "0.5 L | 1,56 €/L",
        "Categorias_GTM": "Água, Aromatizada e Tisanas, Bebidas, Categoria Referência SFCC",
        "Data_Coleta": "2025-06-01 02:07:45"
    },
    {
        "ID_Produto": "735450",
        "Categoria_Scraping": "bebidas",
        "Nome": "Água sem Gás Frutos Vermelhos",
        "Marca": "Luso",
        "Preco": 2.2,
        "Unidade_Info": "2 L | 1,1 €/L",
        "Categorias_GTM": "Categoria Referência SFCC, Água, Aromatizada e Tisanas, Bebidas",
        "Data_Coleta": "2025-06-01 02:07:45"
    },
    {
        "ID_Produto": "688915",
        "Categoria_Scraping": "bebidas",
        "Nome": "Água sem Gás Frutos Vermelhos",
        "Marca": "Luso",
        "Preco": 1.39,
        "Unidade_Info": "1 L | 1,39 €/L",
        "Categorias_GTM": "Categoria Referência SFCC, Água, Aromatizada e Tisanas, Bebidas",
        "Data_Coleta": "2025-06-01 02:07:45"
    },
    {
        "ID_Produto": "110277",
        "Categoria_Scraping": "bebidas",
        "Nome": "Água sem Gás Garrafa Pack 4",
        "Marca": "Serra da Estrela",
        "Preco": 2.29,
        "Unidade_Info": "4 x1.5 L | 0,38 €/L",
        "Categorias_GTM": "Água, Água sem Gás, Bebidas, Categoria Referência SFCC",
        "Data_Coleta": "2025-06-01 02:07:53"
    },
    {
        "ID_Produto": "710414",
        "Categoria_Scraping": "bebidas",
        "Nome": "Água sem Gás Go",
        "Marca": "Vitalis",
        "Preco": 0.57,
        "Unidade_Info": "0.75 L | 0,76 €/L",
        "Categorias_GTM": "Categoria Referência SFCC, Promoções, Água, Água sem Gás, Bebidas",
        "Data_Coleta": "2025-06-01 02:07:53"
    },
    {
        "ID_Produto": "688914",
        "Categoria_Scraping": "bebidas",
        "Nome": "Água sem Gás Limão",
        "Marca": "Luso",
        "Preco": 1.39,
        "Unidade_Info": "1 L | 1,39 €/L",
        "Categorias_GTM": "Categoria Referência SFCC, Água, Aromatizada e Tisanas, Bebidas",
        "Data_Coleta": "2025-06-01 02:07:53"
    },
    {
        "ID_Produto": "711143",
        "Categoria_Scraping": "bebidas",
        "Nome": "Água sem Gás Original Pack 4",
        "Marca": "Vimeiro",
        "Preco": 3.73,
        "Unidade_Info": "4 x1.5 L | 0,62 €/L",
        "Categorias_GTM": "Categoria Referência SFCC, Água, Água sem Gás, Bebidas",
        "Data_Coleta": "2025-06-01 02:07:53"
    },
    {
        "ID_Produto": "619632",
        "Categoria_Scraping": "bebidas",
        "Nome": "Água sem Gás Pack 6",
        "Marca": "Vitalis",
        "Preco": 1.39,
        "Unidade_Info": "6 x0.33 L | 0,7 €/L",
        "Categorias_GTM": "Poupe Esta Semana, Categoria Referência SFCC, Promoções, Água, Água sem Gás",
        "Data_Coleta": "2025-06-01 02:07:53"
    },
    {
        "ID_Produto": "978121",
        "Categoria_Scraping": "bebidas",
        "Nome": "Água sem Gás Sport",
        "Marca": "Luso",
        "Preco": 0.83,
        "Unidade_Info": "0.75 L | 1,11 €/L",
        "Categorias_GTM": "Água, Água sem Gás, Bebidas, Categoria Referência SFCC",
        "Data_Coleta": "2025-06-01 02:07:53"
    },
    {
        "ID_Produto": "959578",
        "Categoria_Scraping": "bebidas",
        "Nome": "Água Tónica",
        "Marca": "Royal Bliss",
        "Preco": 1.99,
        "Unidade_Info": "1 L | 1,99 €/L",
        "Categorias_GTM": "Bebidas, Refrigerantes com Gás, Refrigerantes, Categoria Referência SFCC",
        "Data_Coleta": "2025-06-01 02:07:53"
    },
    {
        "ID_Produto": "974798",
        "Categoria_Scraping": "bebidas",
        "Nome": "Água Tónica Berry Lata",
        "Marca": "Schweppes",
        "Preco": 0.96,
        "Unidade_Info": "0.25 L | 3,84 €/L",
        "Categorias_GTM": "Bebidas, Refrigerantes com Gás, Refrigerantes, Categoria Referência SFCC",
        "Data_Coleta": "2025-06-01 02:07:53"
    },
    {
        "ID_Produto": "821643",
        "Categoria_Scraping": "bebidas",
        "Nome": "Água Tónica Lata",
        "Marca": "Schweppes",
        "Preco": 0.96,
        "Unidade_Info": "0.25 L | 3,84 €/L",
        "Categorias_GTM": "Bebidas, Refrigerantes com Gás, Refrigerantes, Categoria Referência SFCC",
        "Data_Coleta": "2025-06-01 02:07:53"
    },
    {
        "ID_Produto": "943741",
        "Categoria_Scraping": "bebidas",
        "Nome": "Água Tónica Limão",
        "Marca": "Schweppes",
        "Preco": 2.09,
        "Unidade_Info": "1 L | 2,09 €/L",
        "Categorias_GTM": "Bebidas, Refrigerantes com Gás, Refrigerantes, Categoria Referência SFCC",
        "Data_Coleta": "2025-06-01 02:07:53"
    },
    {
        "ID_Produto": "945231",
        "Categoria_Scraping": "bebidas",
        "Nome": "Água Tónica Pack 6",
        "Marca": "Schweppes",
        "Preco": 6.29,
        "Unidade_Info": "6 x0.2 L | 5,24 €/L",
        "Categorias_GTM": "Categoria Referência SFCC, Bebidas, Refrigerantes com Gás, Refrigerantes",
        "Data_Coleta": "2025-06-01 02:07:53"
    },
    {
        "ID_Produto": "975077",
        "Categoria_Scraping": "bebidas",
        "Nome": "Água Tónica Pink Zero",
        "Marca": "Schweppes",
        "Preco": 2.09,
        "Unidade_Info": "1 L | 2,09 €/L",
        "Categorias_GTM": "Bebidas, Refrigerantes com Gás, Refrigerantes, Categoria Referência SFCC",
        "Data_Coleta": "2025-06-01 02:08:02"
    },
    {
        "ID_Produto": "975087",
        "Categoria_Scraping": "bebidas",
        "Nome": "Água Tónica Pink Zero Lata",
        "Marca": "Schweppes",
        "Preco": 0.96,
        "Unidade_Info": "0.25 L | 3,84 €/L",
        "Categorias_GTM": "Bebidas, Refrigerantes com Gás, Refrigerantes, Categoria Referência SFCC",
        "Data_Coleta": "2025-06-01 02:08:02"
    },
    {
        "ID_Produto": "820324",
        "Categoria_Scraping": "bebidas",
        "Nome": "Água Tónica Zero Lata",
        "Marca": "Schweppes",
        "Preco": 0.96,
        "Unidade_Info": "0.25 L | 3,84 €/L",
        "Categorias_GTM": "Bebidas, Refrigerantes com Gás, Refrigerantes, Categoria Referência SFCC",
        "Data_Coleta": "2025-06-01 02:08:02"
    },
    {
        "ID_Produto": "945192",
        "Categoria_Scraping": "bebidas",
        "Nome": "Água Tónica Zero Pack 6",
        "Marca": "Schweppes",
        "Preco": 6.29,
        "Unidade_Info": "6 x0.2 L | 5,24 €/L",
        "Categorias_GTM": "Bebidas, Refrigerantes com Gás, Refrigerantes, Categoria Referência SFCC",
        "Data_Coleta": "2025-06-01 02:08:02"
    },
    {
        "ID_Produto": "711233",
        "Categoria_Scraping": "bebidas",
        "Nome": "Aperitivo Aperol",
        "Marca": "Aperol",
        "Preco": 17.79,
        "Unidade_Info": "0.7 L | 25,41 €/L",
        "Categorias_GTM": "Categoria Referência SFCC, Bebidas, Whisky e Espirituosas",
        "Data_Coleta": "2025-06-01 02:08:02"
    },
    {
        "ID_Produto": "470927",
        "Categoria_Scraping": "bebidas",
        "Nome": "Aperitivo Favaíto",
        "Marca": "Favaios",
        "Preco": 6.75,
        "Unidade_Info": "0.75 L | 9 €/L",
        "Categorias_GTM": "Bebidas, Moscatel e outros Vinhos, Categoria Referência SFCC",
        "Data_Coleta": "2025-06-01 02:08:02"
    },
    {
        "ID_Produto": "692846",
        "Categoria_Scraping": "bebidas",
        "Nome": "Aperitivo Martini Bianco",
        "Marca": "Martini",
        "Preco": 9.59,
        "Unidade_Info": "0.75 L | 12,79 €/L",
        "Categorias_GTM": "Categoria Referência SFCC, Bebidas, Whisky e Espirituosas, Poupe Este Fim De Semana, Poupe Esta Semana",
        "Data_Coleta": "2025-06-01 02:08:02"
    },
    {
        "ID_Produto": "888565",
        "Categoria_Scraping": "bebidas",
        "Nome": "Aperitivo Martini Fiero",
        "Marca": "Martini",
        "Preco": 13.39,
        "Unidade_Info": "0.75 L | 17,85 €/L",
        "Categorias_GTM": "Bebidas, Whisky e Espirituosas, Categoria Referência SFCC",
        "Data_Coleta": "2025-06-01 02:08:02"
    },
    {
        "ID_Produto": "829720",
        "Categoria_Scraping": "bebidas",
        "Nome": "Aperitivo Martini Rosso",
        "Marca": "Martini",
        "Preco": 13.99,
        "Unidade_Info": "1 L | 13,99 €/L",
        "Categorias_GTM": "Bebidas, Whisky e Espirituosas, Categoria Referência SFCC",
        "Data_Coleta": "2025-06-01 02:08:02"
    },
    {
        "ID_Produto": "980856",
        "Categoria_Scraping": "bebidas",
        "Nome": "Aperitivo Martini Rosso Mini Pack 10",
        "Marca": "Martini",
        "Preco": 10.49,
        "Unidade_Info": "0.55 L | 19,07 €/L",
        "Categorias_GTM": "Whisky e Espirituosas, Bebidas, Categoria Referência SFCC",
        "Data_Coleta": "2025-06-01 02:08:02"
    },
    {
        "ID_Produto": "66930",
        "Categoria_Scraping": "bebidas",
        "Nome": "Aperitivo Ricard",
        "Marca": "Ricard",
        "Preco": 14.79,
        "Unidade_Info": "0.7 L | 21,13 €/L",
        "Categorias_GTM": "Categoria Referência SFCC, Bebidas, Whisky e Espirituosas, Poupe Este Fim De Semana, Poupe Esta Semana",
        "Data_Coleta": "2025-06-01 02:08:02"
    },
    {
        "ID_Produto": "655153",
        "Categoria_Scraping": "bebidas",
        "Nome": "Bacardi Mojito",
        "Marca": "Bacardi",
        "Preco": 12.39,
        "Unidade_Info": "0.7 L | 17,7 €/L",
        "Categorias_GTM": "Categoria Referência SFCC, Bebidas, Sangria, Poupe Este Fim De Semana, Poupe Esta Semana",
        "Data_Coleta": "2025-06-01 02:08:02"
    },
    {
        "ID_Produto": "885436",
        "Categoria_Scraping": "bebidas",
        "Nome": "Bebida Energética Açaí",
        "Marca": "Red Bull",
        "Preco": 1.25,
        "Unidade_Info": "0.25 L | 5 €/L",
        "Categorias_GTM": "Bebidas, Energéticas e Isotónicas, Refrigerantes, Categoria Referência SFCC, Poupe Esta Semana",
        "Data_Coleta": "2025-06-01 02:08:12"
    },
    {
        "ID_Produto": "894914",
        "Categoria_Scraping": "bebidas",
        "Nome": "Bebida Energética Classic",
        "Marca": "Be Power",
        "Preco": 0.49,
        "Unidade_Info": "0.25 L | 1,96 €/L",
        "Categorias_GTM": "Categoria Referência SFCC, Bebidas, Energéticas e Isotónicas, Refrigerantes",
        "Data_Coleta": "2025-06-01 02:08:12"
    },
    {
        "ID_Produto": "973619",
        "Categoria_Scraping": "bebidas",
        "Nome": "Bebida Energética Coconut Berry",
        "Marca": "Red Bull",
        "Preco": 1.25,
        "Unidade_Info": "0.25 L | 5 €/L",
        "Categorias_GTM": "Bebidas, Energéticas e Isotónicas, Refrigerantes, Categoria Referência SFCC, Poupe Esta Semana",
        "Data_Coleta": "2025-06-01 02:08:12"
    },
    {
        "ID_Produto": "921418",
        "Categoria_Scraping": "bebidas",
        "Nome": "Bebida Energética de Melancia",
        "Marca": "Red Bull",
        "Preco": 1.25,
        "Unidade_Info": "0.25 L | 5 €/L",
        "Categorias_GTM": "Categoria Referência SFCC, Bebidas, Energéticas e Isotónicas, Refrigerantes, Poupe Esta Semana",
        "Data_Coleta": "2025-06-01 02:08:12"
    },
    {
        "ID_Produto": "100463",
        "Categoria_Scraping": "bebidas",
        "Nome": "Bebida Energética Gaseificada Original",
        "Marca": "Red Bull",
        "Preco": 1.25,
        "Unidade_Info": "0.25 L | 5 €/L",
        "Categorias_GTM": "Bebidas, Energéticas e Isotónicas, Refrigerantes, Categoria Referência SFCC, Poupe Este Fim De Semana",
        "Data_Coleta": "2025-06-01 02:08:12"
    },
    {
        "ID_Produto": "909029",
        "Categoria_Scraping": "bebidas",
        "Nome": "Bebida Energética Gaseificada Original",
        "Marca": "Red Bull",
        "Preco": 5.69,
        "Unidade_Info": "1 L | 5,69 €/L",
        "Categorias_GTM": "Bebidas, Energéticas e Isotónicas, Refrigerantes, Categoria Referência SFCC",
        "Data_Coleta": "2025-06-01 02:08:12"
    },
    {
        "ID_Produto": "986048",
        "Categoria_Scraping": "bebidas",
        "Nome": "Bebida Energética Gaseificada Zero",
        "Marca": "Red Bull",
        "Preco": 1.25,
        "Unidade_Info": "0.25 L | 5 €/L",
        "Categorias_GTM": "Bebidas, Energéticas e Isotónicas, Refrigerantes, Categoria Referência SFCC, Poupe Esta Semana",
        "Data_Coleta": "2025-06-01 02:08:12"
    },
    {
        "ID_Produto": "957172",
        "Categoria_Scraping": "bebidas",
        "Nome": "Bebida Energética Lewis Hamilton Zero",
        "Marca": "Monster",
        "Preco": 1.74,
        "Unidade_Info": "0.5 L | 3,48 €/L",
        "Categorias_GTM": "Categoria Referência SFCC, Bebidas, Energéticas e Isotónicas, Refrigerantes",
        "Data_Coleta": "2025-06-01 02:08:12"
    },
    {
        "ID_Produto": "890685",
        "Categoria_Scraping": "bebidas",
        "Nome": "Bebida Energética Mango Loco",
        "Marca": "Monster",
        "Preco": 1.74,
        "Unidade_Info": "0.5 L | 3,48 €/L",
        "Categorias_GTM": "Categoria Referência SFCC, Bebidas, Energéticas e Isotónicas, Refrigerantes",
        "Data_Coleta": "2025-06-01 02:08:12"
    },
    {
        "ID_Produto": "697124",
        "Categoria_Scraping": "bebidas",
        "Nome": "Bebida Energética Original",
        "Marca": "Monster",
        "Preco": 1.74,
        "Unidade_Info": "0.5 L | 3,48 €/L",
        "Categorias_GTM": "Categoria Referência SFCC, Bebidas, Energéticas e Isotónicas, Refrigerantes",
        "Data_Coleta": "2025-06-01 02:08:12"
    },
    {
        "ID_Produto": "611941",
        "Categoria_Scraping": "bebidas",
        "Nome": "Bebida Energética Original",
        "Marca": "Red Bull",
        "Preco": 2.24,
        "Unidade_Info": "0.355 L | 6,31 €/L",
        "Categorias_GTM": "Categoria Referência SFCC, Bebidas, Energéticas e Isotónicas, Refrigerantes",
        "Data_Coleta": "2025-06-01 02:08:12"
    },
    {
        "ID_Produto": "721258",
        "Categoria_Scraping": "bebidas",
        "Nome": "Bebida Energética Original",
        "Marca": "Burn",
        "Preco": 1.19,
        "Unidade_Info": "0.5 L | 2,38 €/L",
        "Categorias_GTM": "Categoria Referência SFCC, Bebidas, Energéticas e Isotónicas, Refrigerantes",
        "Data_Coleta": "2025-06-01 02:08:12"
    },
    {
        "ID_Produto": "894915",
        "Categoria_Scraping": "bebidas",
        "Nome": "Bebida Energética sem Acúcar",
        "Marca": "Be Power",
        "Preco": 0.49,
        "Unidade_Info": "0.25 L | 1,96 €/L",
        "Categorias_GTM": "Categoria Referência SFCC, Bebidas, Energéticas e Isotónicas, Refrigerantes",
        "Data_Coleta": "2025-06-01 02:08:21"
    },
    {
        "ID_Produto": "819888",
        "Categoria_Scraping": "bebidas",
        "Nome": "Bebida Energética Tropical",
        "Marca": "Red Bull",
        "Preco": 1.25,
        "Unidade_Info": "0.25 L | 5 €/L",
        "Categorias_GTM": "Categoria Referência SFCC, Bebidas, Energéticas e Isotónicas, Refrigerantes, Poupe Esta Semana",
        "Data_Coleta": "2025-06-01 02:08:21"
    },
    {
        "ID_Produto": "911433",
        "Categoria_Scraping": "bebidas",
        "Nome": "Bebida Energética Ultra Paradise",
        "Marca": "Monster",
        "Preco": 1.74,
        "Unidade_Info": "0.5 L | 3,48 €/L",
        "Categorias_GTM": "Refrigerantes, Bebidas, Energéticas e Isotónicas, Categoria Referência SFCC",
        "Data_Coleta": "2025-06-01 02:08:21"
    },
    {
        "ID_Produto": "943704",
        "Categoria_Scraping": "bebidas",
        "Nome": "Bebida Energética Ultra Watermelon Zero",
        "Marca": "Monster",
        "Preco": 1.74,
        "Unidade_Info": "0.5 L | 3,48 €/L",
        "Categorias_GTM": "Bebidas, Energéticas e Isotónicas, Refrigerantes, Categoria Referência SFCC",
        "Data_Coleta": "2025-06-01 02:08:21"
    },
    {
        "ID_Produto": "909550",
        "Categoria_Scraping": "bebidas",
        "Nome": "Bebida Energética Ultra White",
        "Marca": "Monster",
        "Preco": 1.74,
        "Unidade_Info": "0.5 L | 3,48 €/L",
        "Categorias_GTM": "Bebidas, Energéticas e Isotónicas, Refrigerantes, Categoria Referência SFCC",
        "Data_Coleta": "2025-06-01 02:08:21"
    },
    {
        "ID_Produto": "761295",
        "Categoria_Scraping": "bebidas",
        "Nome": "Bebida Espirituosa 1920",
        "Marca": "1920",
        "Preco": 12.99,
        "Unidade_Info": "0.7 L | 18,56 €/L",
        "Categorias_GTM": "Categoria Referência SFCC, Bebidas, Outras Bebidas, Whisky e Espirituosas",
        "Data_Coleta": "2025-06-01 02:08:21"
    },
    {
        "ID_Produto": "67601",
        "Categoria_Scraping": "bebidas",
        "Nome": "Bebida Espirituosa Constantino",
        "Marca": "Constantino",
        "Preco": 10.59,
        "Unidade_Info": "0.7 L | 15,13 €/L",
        "Categorias_GTM": "Categoria Referência SFCC, Bebidas, Outras Bebidas, Whisky e Espirituosas",
        "Data_Coleta": "2025-06-01 02:08:21"
    },
    {
        "ID_Produto": "492173",
        "Categoria_Scraping": "bebidas",
        "Nome": "Bebida Espirituosa Macieira",
        "Marca": "Macieira",
        "Preco": 17.99,
        "Unidade_Info": "1 L | 17,99 €/L",
        "Categorias_GTM": "Categoria Referência SFCC, Bebidas, Outras Bebidas, Whisky e Espirituosas",
        "Data_Coleta": "2025-06-01 02:08:21"
    },
    {
        "ID_Produto": "642969",
        "Categoria_Scraping": "bebidas",
        "Nome": "Bebida Espirituosa Macieira",
        "Marca": "Macieira",
        "Preco": 13.69,
        "Unidade_Info": "0.7 L | 19,56 €/L",
        "Categorias_GTM": "Categoria Referência SFCC, Bebidas, Outras Bebidas, Whisky e Espirituosas",
        "Data_Coleta": "2025-06-01 02:08:21"
    },
    {
        "ID_Produto": "966600",
        "Categoria_Scraping": "bebidas",
        "Nome": "Bebida Espirituosa sem Álcool Tanqueray",
        "Marca": "Tanqueray",
        "Preco": 25.69,
        "Unidade_Info": "0.7 L | 36,7 €/L",
        "Categorias_GTM": "Bebidas, Vodka e Gin, Whisky e Espirituosas, Categoria Referência SFCC",
        "Data_Coleta": "2025-06-01 02:08:21"
    },
    {
        "ID_Produto": "948399",
        "Categoria_Scraping": "bebidas",
        "Nome": "Bebida Isotónica Ice Storm",
        "Marca": "Powerade",
        "Preco": 1.15,
        "Unidade_Info": "0.5 L | 2,3 €/L",
        "Categorias_GTM": "Bebidas, Energéticas e Isotónicas, Refrigerantes, Categoria Referência SFCC, Poupe Esta Semana",
        "Data_Coleta": "2025-06-01 02:08:21"
    },
    {
        "ID_Produto": "980858",
        "Categoria_Scraping": "bebidas",
        "Nome": "Beboda Energética Vitaminas",
        "Marca": "Be Power",
        "Preco": 0.95,
        "Unidade_Info": "0.5 L | 1,9 €/L",
        "Categorias_GTM": "Bebidas, Energéticas e Isotónicas, Refrigerantes, Categoria Referência SFCC",
        "Data_Coleta": "2025-06-01 02:08:31"
    },
    {
        "ID_Produto": "728617",
        "Categoria_Scraping": "bebidas",
        "Nome": "Cachaça Carioca",
        "Marca": "Carioca",
        "Preco": 8.99,
        "Unidade_Info": "0.7 L | 12,84 €/L",
        "Categorias_GTM": "Categoria Referência SFCC, Bebidas, Outras Bebidas, Whisky e Espirituosas",
        "Data_Coleta": "2025-06-01 02:08:31"
    },
    {
        "ID_Produto": "28017",
        "Categoria_Scraping": "bebidas",
        "Nome": "Cachaça Pirassununga 51",
        "Marca": "Pirasununga",
        "Preco": 11.99,
        "Unidade_Info": "0.7 L | 17,13 €/L",
        "Categorias_GTM": "Bebidas, Outras Bebidas, Whisky e Espirituosas, Categoria Referência SFCC",
        "Data_Coleta": "2025-06-01 02:08:31"
    },
    {
        "ID_Produto": "553994",
        "Categoria_Scraping": "bebidas",
        "Nome": "Cerveja com Álcool",
        "Marca": "Desperados",
        "Preco": 1.34,
        "Unidade_Info": "0.33 L | 4,06 €/L",
        "Categorias_GTM": "Categoria Referência SFCC, Bebidas, Cerveja, Estrangeira",
        "Data_Coleta": "2025-06-01 02:08:31"
    },
    {
        "ID_Produto": "155048",
        "Categoria_Scraping": "bebidas",
        "Nome": "Cerveja com Álcool",
        "Marca": "Stella Artois",
        "Preco": 2.19,
        "Unidade_Info": "0.33 L | 6,64 €/L",
        "Categorias_GTM": "Bebidas, Cerveja, Estrangeira, Categoria Referência SFCC",
        "Data_Coleta": "2025-06-01 02:08:31"
    },
    {
        "ID_Produto": "505750",
        "Categoria_Scraping": "bebidas",
        "Nome": "Cerveja com Álcool Abadia Pack 6",
        "Marca": "Super Bock",
        "Preco": 4.49,
        "Unidade_Info": "6 x0.33 L | 2,27 €/L",
        "Categorias_GTM": "Bebidas, Cerveja, Nacional, Categoria Referência SFCC, Promoções",
        "Data_Coleta": "2025-06-01 02:08:31"
    },
    {
        "ID_Produto": "757613",
        "Categoria_Scraping": "bebidas",
        "Nome": "Cerveja com Álcool Barril",
        "Marca": "Heineken",
        "Preco": 17.99,
        "Unidade_Info": "5 L | 3,6 €/L",
        "Categorias_GTM": "Bebidas, Cerveja, Estrangeira, Categoria Referência SFCC",
        "Data_Coleta": "2025-06-01 02:08:31"
    },
    {
        "ID_Produto": "155531",
        "Categoria_Scraping": "bebidas",
        "Nome": "Cerveja com Álcool Blonde",
        "Marca": "Leffe",
        "Preco": 2.69,
        "Unidade_Info": "0.33 L | 8,15 €/L",
        "Categorias_GTM": "Bebidas, Cerveja, Estrangeira, Categoria Referência SFCC",
        "Data_Coleta": "2025-06-01 02:08:31"
    },
    {
        "ID_Produto": "820986",
        "Categoria_Scraping": "bebidas",
        "Nome": "Cerveja com Álcool Bohemia Original Pack 6",
        "Marca": "Sagres",
        "Preco": 4.99,
        "Unidade_Info": "6 x0.33 L | 2,52 €/L",
        "Categorias_GTM": "Categoria Referência SFCC, Bebidas, Cerveja, Nacional",
        "Data_Coleta": "2025-06-01 02:08:31"
    },
    {
        "ID_Produto": "957894",
        "Categoria_Scraping": "bebidas",
        "Nome": "Cerveja com Álcool Coruja India Pale Ale Lata",
        "Marca": "Super Bock",
        "Preco": 0.89,
        "Unidade_Info": "0.33 L | 2,7 €/L",
        "Categorias_GTM": "Categoria Referência SFCC, Bebidas, Cerveja, Nacional",
        "Data_Coleta": "2025-06-01 02:08:31"
    },
    {
        "ID_Produto": "861092",
        "Categoria_Scraping": "bebidas",
        "Nome": "Cerveja com Álcool Coruja India Pale Ale Pack 4",
        "Marca": "Super Bock",
        "Preco": 3.49,
        "Unidade_Info": "4 x0.33 L | 2,64 €/L",
        "Categorias_GTM": "Promoções, Bebidas, Cerveja, Nacional, Poupe Esta Semana",
        "Data_Coleta": "2025-06-01 02:08:31"
    },
    {
        "ID_Produto": "189775",
        "Categoria_Scraping": "bebidas",
        "Nome": "Cerveja com Álcool Dunkel",
        "Marca": "Franziskaner",
        "Preco": 1.99,
        "Unidade_Info": "0.5 L | 3,98 €/L",
        "Categorias_GTM": "Bebidas, Cerveja, Estrangeira, Poupe Esta Semana, Promoções",
        "Data_Coleta": "2025-06-01 02:08:31"
    },
    {
        "ID_Produto": "822056",
        "Categoria_Scraping": "bebidas",
        "Nome": "Cerveja com Álcool Dunkel Seleção 1927",
        "Marca": "Super Bock",
        "Preco": 3.69,
        "Unidade_Info": "0.75 L | 4,92 €/L",
        "Categorias_GTM": "Categoria Referência SFCC, Bebidas, Cerveja, Nacional",
        "Data_Coleta": "2025-06-01 02:08:40"
    },
    {
        "ID_Produto": "852729",
        "Categoria_Scraping": "bebidas",
        "Nome": "Cerveja com Álcool Dunkel Seleção 1927",
        "Marca": "Super Bock",
        "Preco": 1.69,
        "Unidade_Info": "0.33 L | 5,12 €/L",
        "Categorias_GTM": "Bebidas, Cerveja, Nacional, Categoria Referência SFCC",
        "Data_Coleta": "2025-06-01 02:08:40"
    },
    {
        "ID_Produto": "448521",
        "Categoria_Scraping": "bebidas",
        "Nome": "Cerveja com Álcool Green Pack 6",
        "Marca": "Super Bock",
        "Preco": 4.49,
        "Unidade_Info": "6 x0.33 L | 2,27 €/L",
        "Categorias_GTM": "Categoria Referência SFCC, Bebidas, Cerveja, Nacional, Poupe Esta Semana",
        "Data_Coleta": "2025-06-01 02:08:40"
    },
    {
        "ID_Produto": "52448",
        "Categoria_Scraping": "bebidas",
        "Nome": "Cerveja com Álcool Hefe",
        "Marca": "Franziskaner",
        "Preco": 1.99,
        "Unidade_Info": "0.5 L | 3,98 €/L",
        "Categorias_GTM": "Poupe Esta Semana, Promoções, Categoria Referência SFCC, Bebidas, Cerveja",
        "Data_Coleta": "2025-06-01 02:08:40"
    },
    {
        "ID_Produto": "965319",
        "Categoria_Scraping": "bebidas",
        "Nome": "Cerveja com Álcool Lata",
        "Marca": "Estrella Damm",
        "Preco": 1.45,
        "Unidade_Info": "0.5 L | 2,9 €/L",
        "Categorias_GTM": "Bebidas, Cerveja, Estrangeira, Categoria Referência SFCC",
        "Data_Coleta": "2025-06-01 02:08:40"
    },
    {
        "ID_Produto": "341187",
        "Categoria_Scraping": "bebidas",
        "Nome": "Cerveja com Álcool Lata",
        "Marca": "Heineken",
        "Preco": 1.29,
        "Unidade_Info": "0.5 L | 2,58 €/L",
        "Categorias_GTM": "Bebidas, Cerveja, Estrangeira, Categoria Referência SFCC",
        "Data_Coleta": "2025-06-01 02:08:40"
    },
    {
        "ID_Produto": "933477",
        "Categoria_Scraping": "bebidas",
        "Nome": "Cerveja com Álcool Lata",
        "Marca": "Heineken",
        "Preco": 0.99,
        "Unidade_Info": "0.33 L | 3 €/L",
        "Categorias_GTM": "Bebidas, Cerveja, Estrangeira, Categoria Referência SFCC",
        "Data_Coleta": "2025-06-01 02:08:40"
    },
    {
        "ID_Produto": "976234",
        "Categoria_Scraping": "bebidas",
        "Nome": "Cerveja com Álcool Lata",
        "Marca": "Estrella Galicia",
        "Preco": 1.75,
        "Unidade_Info": "0.5 L | 3,5 €/L",
        "Categorias_GTM": "Bebidas, Cerveja, Estrangeira, Categoria Referência SFCC",
        "Data_Coleta": "2025-06-01 02:08:40"
    },
    {
        "ID_Produto": "374350",
        "Categoria_Scraping": "bebidas",
        "Nome": "Cerveja com Álcool Lata",
        "Marca": "Guinness",
        "Preco": 2.39,
        "Unidade_Info": "0.44 L | 5,43 €/L",
        "Categorias_GTM": "Bebidas, Cerveja, Estrangeira, Categoria Referência SFCC",
        "Data_Coleta": "2025-06-01 02:08:40"
    },
    {
        "ID_Produto": "778142",
        "Categoria_Scraping": "bebidas",
        "Nome": "Cerveja com Álcool Lata",
        "Marca": "San Miguel",
        "Preco": 1.49,
        "Unidade_Info": "0.5 L | 2,98 €/L",
        "Categorias_GTM": "Bebidas, Cerveja, Estrangeira, Categoria Referência SFCC",
        "Data_Coleta": "2025-06-01 02:08:40"
    },
    {
        "ID_Produto": "60652",
        "Categoria_Scraping": "bebidas",
        "Nome": "Cerveja com Álcool Lata",
        "Marca": "San Miguel",
        "Preco": 1.19,
        "Unidade_Info": "0.33 L | 3,61 €/L",
        "Categorias_GTM": "Bebidas, Cerveja, Estrangeira, Categoria Referência SFCC",
        "Data_Coleta": "2025-06-01 02:08:40"
    },
    {
        "ID_Produto": "684006",
        "Categoria_Scraping": "bebidas",
        "Nome": "Cerveja com Álcool Lata",
        "Marca": "Cristal",
        "Preco": 0.53,
        "Unidade_Info": "0.33 L | 1,61 €/L",
        "Categorias_GTM": "Categoria Referência SFCC, Bebidas, Cerveja, Nacional",
        "Data_Coleta": "2025-06-01 02:08:40"
    },
    {
        "ID_Produto": "923421",
        "Categoria_Scraping": "bebidas",
        "Nome": "Cerveja com Álcool Pack 12",
        "Marca": "Heineken",
        "Preco": 7.99,
        "Unidade_Info": "3 L | 2,66 €/L",
        "Categorias_GTM": "Bebidas, Cerveja, Estrangeira, Categoria Referência SFCC",
        "Data_Coleta": "2025-06-01 02:08:49"
    },
    {
        "ID_Produto": "961211",
        "Categoria_Scraping": "bebidas",
        "Nome": "Cerveja com Álcool Pack 12",
        "Marca": "San Miguel",
        "Preco": 5.79,
        "Unidade_Info": "3 L | 1,93 €/L",
        "Categorias_GTM": "Bebidas, Cerveja, Estrangeira, Promoções, Poupe Esta Semana",
        "Data_Coleta": "2025-06-01 02:08:49"
    },
    {
        "ID_Produto": "279002",
        "Categoria_Scraping": "bebidas",
        "Nome": "Cerveja com Álcool Pack 6",
        "Marca": "Corona",
        "Preco": 9.99,
        "Unidade_Info": "6 x0.355 L | 4,69 €/L",
        "Categorias_GTM": "Bebidas, Cerveja, Estrangeira, Categoria Referência SFCC",
        "Data_Coleta": "2025-06-01 02:08:49"
    },
    {
        "ID_Produto": "57889",
        "Categoria_Scraping": "bebidas",
        "Nome": "Cerveja com Álcool Pack 6",
        "Marca": "Carlsberg",
        "Preco": 3.79,
        "Unidade_Info": "6 x0.25 L | 2,53 €/L",
        "Categorias_GTM": "Categoria Referência SFCC, Bebidas, Cerveja, Estrangeira",
        "Data_Coleta": "2025-06-01 02:08:49"
    },
    {
        "ID_Produto": "988270",
        "Categoria_Scraping": "bebidas",
        "Nome": "Cerveja com Álcool Pack 6",
        "Marca": "Cergal",
        "Preco": 2.79,
        "Unidade_Info": "6 x0.33 L | 1,41 €/L",
        "Categorias_GTM": "Bebidas, Cerveja, Nacional, Categoria Referência SFCC",
        "Data_Coleta": "2025-06-01 02:08:49"
    },
    {
        "ID_Produto": "928144",
        "Categoria_Scraping": "bebidas",
        "Nome": "Cerveja com Álcool Pack 6",
        "Marca": "Coronita",
        "Preco": 8.69,
        "Unidade_Info": "6 x0.21 L | 6,9 €/L",
        "Categorias_GTM": "Cerveja, Estrangeira, Bebidas, Categoria Referência SFCC",
        "Data_Coleta": "2025-06-01 02:08:49"
    },
    {
        "ID_Produto": "893381",
        "Categoria_Scraping": "bebidas",
        "Nome": "Cerveja com Álcool Pack 6",
        "Marca": "Estrella Damm",
        "Preco": 4.79,
        "Unidade_Info": "6 x0.25 L | 3,19 €/L",
        "Categorias_GTM": "Estrangeira, Bebidas, Cerveja, Categoria Referência SFCC",
        "Data_Coleta": "2025-06-01 02:08:49"
    },
    {
        "ID_Produto": "920303",
        "Categoria_Scraping": "bebidas",
        "Nome": "Cerveja com Álcool Pack 6",
        "Marca": "Sagres",
        "Preco": 4.99,
        "Unidade_Info": "6 x0.33 L | 2,52 €/L",
        "Categorias_GTM": "Bebidas, Cerveja, Nacional, Categoria Referência SFCC",
        "Data_Coleta": "2025-06-01 02:08:49"
    },
    {
        "ID_Produto": "968925",
        "Categoria_Scraping": "bebidas",
        "Nome": "Cerveja com Álcool Pack 6",
        "Marca": "Super Bock",
        "Preco": 4.89,
        "Unidade_Info": "6 x0.33 L | 2,47 €/L",
        "Categorias_GTM": "Bebidas, Cerveja, Nacional, Categoria Referência SFCC",
        "Data_Coleta": "2025-06-01 02:08:49"
    },
    {
        "ID_Produto": "317375",
        "Categoria_Scraping": "bebidas",
        "Nome": "Cerveja com Álcool Pack 6",
        "Marca": "Heineken",
        "Preco": 4.49,
        "Unidade_Info": "6 x0.25 L | 2,99 €/L",
        "Categorias_GTM": "Bebidas, Cerveja, Estrangeira, Categoria Referência SFCC",
        "Data_Coleta": "2025-06-01 02:08:49"
    },
    {
        "ID_Produto": "683249",
        "Categoria_Scraping": "bebidas",
        "Nome": "Cerveja com Álcool Pack 6",
        "Marca": "Cristal",
        "Preco": 3.59,
        "Unidade_Info": "6 x0.33 L | 1,81 €/L",
        "Categorias_GTM": "Categoria Referência SFCC, Bebidas, Cerveja, Nacional",
        "Data_Coleta": "2025-06-01 02:08:49"
    },
    {
        "ID_Produto": "940951",
        "Categoria_Scraping": "bebidas",
        "Nome": "Cerveja com Álcool Pack 6",
        "Marca": "Franziskaner",
        "Preco": 8.99,
        "Unidade_Info": "6 x0.355 L | 4,22 €/L",
        "Categorias_GTM": "Categoria Referência SFCC, Bebidas, Cerveja, Estrangeira, Poupe Esta Semana",
        "Data_Coleta": "2025-06-01 02:08:49"
    },
    {
        "ID_Produto": "955731",
        "Categoria_Scraping": "bebidas",
        "Nome": "Cerveja com Álcool Preta",
        "Marca": "Sagres",
        "Preco": 1.99,
        "Unidade_Info": "1 L | 1,99 €/L",
        "Categorias_GTM": "Categoria Referência SFCC, Bebidas, Cerveja, Nacional",
        "Data_Coleta": "2025-06-01 02:08:58"
    },
    {
        "ID_Produto": "942995",
        "Categoria_Scraping": "bebidas",
        "Nome": "Cerveja com Álcool Preta Mini Pack 10",
        "Marca": "Sagres",
        "Preco": 5.59,
        "Unidade_Info": "2.5 L | 2,24 €/L",
        "Categorias_GTM": "Categoria Referência SFCC, Bebidas, Cerveja, Nacional",
        "Data_Coleta": "2025-06-01 02:08:58"
    },
    {
        "ID_Produto": "731130",
        "Categoria_Scraping": "bebidas",
        "Nome": "Cerveja com Álcool Radler Limão Pack 6",
        "Marca": "Sagres",
        "Preco": 4.99,
        "Unidade_Info": "6 x0.33 L | 2,52 €/L",
        "Categorias_GTM": "Categoria Referência SFCC, Bebidas, Cerveja, Nacional",
        "Data_Coleta": "2025-06-01 02:08:58"
    },
    {
        "ID_Produto": "960061",
        "Categoria_Scraping": "bebidas",
        "Nome": "Cerveja com Álcool Sky Lata",
        "Marca": "Super Bock",
        "Preco": 0.59,
        "Unidade_Info": "0.33 L | 1,79 €/L",
        "Categorias_GTM": "Nacional, Bebidas, Cerveja, Categoria Referência SFCC",
        "Data_Coleta": "2025-06-01 02:08:58"
    },
    {
        "ID_Produto": "990378",
        "Categoria_Scraping": "bebidas",
        "Nome": "Cerveja com Álcool Sol & Mar",
        "Marca": "Sangres",
        "Preco": 0.62,
        "Unidade_Info": "0.25 L | 2,48 €/L",
        "Categorias_GTM": "Bebidas, Cerveja, Nacional, Categoria Referência SFCC",
        "Data_Coleta": "2025-06-01 02:08:58"
    },
    {
        "ID_Produto": "990377",
        "Categoria_Scraping": "bebidas",
        "Nome": "Cerveja com Álcool Sol & Mar Lata",
        "Marca": "Sangres",
        "Preco": 0.64,
        "Unidade_Info": "0.33 L | 1,94 €/L",
        "Categorias_GTM": "Bebidas, Cerveja, Nacional, Categoria Referência SFCC",
        "Data_Coleta": "2025-06-01 02:08:58"
    },
    {
        "ID_Produto": "989258",
        "Categoria_Scraping": "bebidas",
        "Nome": "Cerveja com Álcool Stout Lata",
        "Marca": "Super Bock",
        "Preco": 0.99,
        "Unidade_Info": "0.5 L | 1,98 €/L",
        "Categorias_GTM": "Bebidas, Cerveja, Nacional, Categoria Referência SFCC",
        "Data_Coleta": "2025-06-01 02:08:58"
    },
    {
        "ID_Produto": "831210",
        "Categoria_Scraping": "bebidas",
        "Nome": "Cerveja com Álcool Stout Mini Pack 6",
        "Marca": "Super Bock",
        "Preco": 2.99,
        "Unidade_Info": "6 x0.2 L | 2,49 €/L",
        "Categorias_GTM": "Promoções, Poupe Esta Semana, Bebidas, Cerveja, Nacional",
        "Data_Coleta": "2025-06-01 02:08:58"
    },
    {
        "ID_Produto": "404625",
        "Categoria_Scraping": "bebidas",
        "Nome": "Cerveja com Álcool Stout Pack 6",
        "Marca": "Super Bock",
        "Preco": 4.49,
        "Unidade_Info": "6 x0.33 L | 2,27 €/L",
        "Categorias_GTM": "Bebidas, Cerveja, Nacional, Promoções, Poupe Esta Semana",
        "Data_Coleta": "2025-06-01 02:08:58"
    },
    {
        "ID_Produto": "890067",
        "Categoria_Scraping": "bebidas",
        "Nome": "Cerveja com Álcool Voll Pack 6",
        "Marca": "Estrella Damm",
        "Preco": 4.79,
        "Unidade_Info": "6 x0.25 L | 3,19 €/L",
        "Categorias_GTM": "Bebidas, Cerveja, Estrangeira, Categoria Referência SFCC",
        "Data_Coleta": "2025-06-01 02:08:58"
    },
    {
        "ID_Produto": "536982",
        "Categoria_Scraping": "bebidas",
        "Nome": "Cerveja com Álcool Weibbier",
        "Marca": "Erdinger",
        "Preco": 3.19,
        "Unidade_Info": "0.5 L | 6,38 €/L",
        "Categorias_GTM": "Categoria Referência SFCC, Bebidas, Cerveja, Estrangeira",
        "Data_Coleta": "2025-06-01 02:08:58"
    },
    {
        "ID_Produto": "880532",
        "Categoria_Scraping": "bebidas",
        "Nome": "Cerveja sem Álcool Lata",
        "Marca": "Sagres",
        "Preco": 0.74,
        "Unidade_Info": "0.33 L | 2,24 €/L",
        "Categorias_GTM": "Bebidas, Cerveja, Sem Álcool, Categoria Referência SFCC",
        "Data_Coleta": "2025-06-01 02:08:58"
    },
    {
        "ID_Produto": "478234",
        "Categoria_Scraping": "bebidas",
        "Nome": "Cerveja sem Álcool Pack 6",
        "Marca": "Super Bock",
        "Preco": 4.49,
        "Unidade_Info": "6 x0.33 L | 2,27 €/L",
        "Categorias_GTM": "Poupe Esta Semana, Categoria Referência SFCC, Promoções, Bebidas, Cerveja",
        "Data_Coleta": "2025-06-01 02:09:08"
    },
    {
        "ID_Produto": "546140",
        "Categoria_Scraping": "bebidas",
        "Nome": "Cerveja sem Álcool Preta Pack 6",
        "Marca": "Super Bock",
        "Preco": 4.49,
        "Unidade_Info": "6 x0.33 L | 2,27 €/L",
        "Categorias_GTM": "Categoria Referência SFCC, Bebidas, Cerveja, Sem Álcool, Poupe Esta Semana",
        "Data_Coleta": "2025-06-01 02:09:08"
    },
    {
        "ID_Produto": "924999",
        "Categoria_Scraping": "bebidas",
        "Nome": "Ceveja com Álcool Pack 12",
        "Marca": "Carlsberg",
        "Preco": 7.39,
        "Unidade_Info": "3 L | 2,46 €/L",
        "Categorias_GTM": "Bebidas, Cerveja, Estrangeira, Categoria Referência SFCC",
        "Data_Coleta": "2025-06-01 02:09:08"
    },
    {
        "ID_Produto": "954032",
        "Categoria_Scraping": "bebidas",
        "Nome": "Champagne Comtesse de Gussac Bruto",
        "Marca": "Comtesse de Gussac",
        "Preco": 24.99,
        "Unidade_Info": "0.75 L | 33,32 €/L",
        "Categorias_GTM": "Promoções, Categoria Referência SFCC, Poupe Esta Semana, Bebidas, Champanhe e Espumante",
        "Data_Coleta": "2025-06-01 02:09:08"
    },
    {
        "ID_Produto": "66001",
        "Categoria_Scraping": "bebidas",
        "Nome": "Champagne Moët & Chandon",
        "Marca": "Moët & Chandon",
        "Preco": 48.29,
        "Unidade_Info": "0.75 L | 64,39 €/L",
        "Categorias_GTM": "Categoria Referência SFCC, Bebidas, Champanhe e Espumante",
        "Data_Coleta": "2025-06-01 02:09:08"
    },
    {
        "ID_Produto": "393150",
        "Categoria_Scraping": "bebidas",
        "Nome": "Champagne Piper-Heidisieck",
        "Marca": "Piper-Heidsieck",
        "Preco": 44.99,
        "Unidade_Info": "0.75 L | 59,99 €/L",
        "Categorias_GTM": "Bebidas, Champanhe e Espumante, Categoria Referência SFCC",
        "Data_Coleta": "2025-06-01 02:09:08"
    },
    {
        "ID_Produto": "972729",
        "Categoria_Scraping": "bebidas",
        "Nome": "Cocktail Aromático Blue Lagoon",
        "Marca": "Le Coq",
        "Preco": 2.19,
        "Unidade_Info": "0.33 L | 6,64 €/L",
        "Categorias_GTM": "Bebidas, Sangria, Categoria Referência SFCC",
        "Data_Coleta": "2025-06-01 02:09:08"
    },
    {
        "ID_Produto": "972728",
        "Categoria_Scraping": "bebidas",
        "Nome": "Cocktail Aromático Mojito Classic",
        "Marca": "Le Coq",
        "Preco": 2.19,
        "Unidade_Info": "0.33 L | 6,64 €/L",
        "Categorias_GTM": "Bebidas, Sangria, Categoria Referência SFCC",
        "Data_Coleta": "2025-06-01 02:09:08"
    },
    {
        "ID_Produto": "672664",
        "Categoria_Scraping": "bebidas",
        "Nome": "Cocktail Aromatizado Bar Royal Melão",
        "Marca": "Bar Royal",
        "Preco": 4.29,
        "Unidade_Info": "0.75 L | 5,72 €/L",
        "Categorias_GTM": "Categoria Referência SFCC, Bebidas, Champanhe e Espumante",
        "Data_Coleta": "2025-06-01 02:09:08"
    },
    {
        "ID_Produto": "864830",
        "Categoria_Scraping": "bebidas",
        "Nome": "Cocktail Aromatizado Bar Royal Morango",
        "Marca": "Bar Royal",
        "Preco": 4.29,
        "Unidade_Info": "0.75 L | 5,72 €/L",
        "Categorias_GTM": "Bebidas, Champanhe e Espumante, Categoria Referência SFCC",
        "Data_Coleta": "2025-06-01 02:09:08"
    },
    {
        "ID_Produto": "824517",
        "Categoria_Scraping": "bebidas",
        "Nome": "Cocktail Aromatizado Bar Royal Pêssego",
        "Marca": "Bar Royal",
        "Preco": 4.29,
        "Unidade_Info": "0.75 L | 5,72 €/L",
        "Categorias_GTM": "Bebidas, Champanhe e Espumante, Categoria Referência SFCC",
        "Data_Coleta": "2025-06-01 02:09:08"
    },
    {
        "ID_Produto": "978113",
        "Categoria_Scraping": "bebidas",
        "Nome": "Cocktail Aromatizado Bar Royal Sprizz",
        "Marca": "Bar Royal",
        "Preco": 3.99,
        "Unidade_Info": "0.75 L | 5,32 €/L",
        "Categorias_GTM": "Poupe Esta Semana, Promoções, Bebidas, Champanhe e Espumante, Categoria Referência SFCC",
        "Data_Coleta": "2025-06-01 02:09:18"
    },
    {
        "ID_Produto": "971649",
        "Categoria_Scraping": "bebidas",
        "Nome": "Cocktail Casal Garcia Fruitzy Maracujá",
        "Marca": "Casal Garcia",
        "Preco": 3.99,
        "Unidade_Info": "0.75 L | 5,32 €/L",
        "Categorias_GTM": "Promoções, Bebidas, Champanhe e Espumante, Poupe Esta Semana, Categoria Referência SFCC",
        "Data_Coleta": "2025-06-01 02:09:18"
    },
    {
        "ID_Produto": "943481",
        "Categoria_Scraping": "bebidas",
        "Nome": "Cocktail Casal Garcia Fruitzy Melão",
        "Marca": "Casal Garcia",
        "Preco": 3.99,
        "Unidade_Info": "0.75 L | 5,32 €/L",
        "Categorias_GTM": "Bebidas, Champanhe e Espumante, Poupe Esta Semana, Categoria Referência SFCC, Promoções",
        "Data_Coleta": "2025-06-01 02:09:18"
    },
    {
        "ID_Produto": "943482",
        "Categoria_Scraping": "bebidas",
        "Nome": "Cocktail Casal Garcia Fruitzy Morango",
        "Marca": "Casal Garcia",
        "Preco": 3.99,
        "Unidade_Info": "0.75 L | 5,32 €/L",
        "Categorias_GTM": "Categoria Referência SFCC, Promoções, Poupe Esta Semana, Bebidas, Champanhe e Espumante",
        "Data_Coleta": "2025-06-01 02:09:18"
    },
    {
        "ID_Produto": "959912",
        "Categoria_Scraping": "bebidas",
        "Nome": "Cocktail Casal Garcia Fruitzy Pêssego",
        "Marca": "Casal Garcia",
        "Preco": 3.99,
        "Unidade_Info": "0.75 L | 5,32 €/L",
        "Categorias_GTM": "Promoções, Poupe Esta Semana, Champanhe e Espumante, Bebidas, Categoria Referência SFCC",
        "Data_Coleta": "2025-06-01 02:09:18"
    },
    {
        "ID_Produto": "352626",
        "Categoria_Scraping": "bebidas",
        "Nome": "Cognac Courvoisier",
        "Marca": "Courvoisier",
        "Preco": 38.99,
        "Unidade_Info": "0.7 L | 55,7 €/L",
        "Categorias_GTM": "Bebidas, Outras Bebidas, Whisky e Espirituosas, Categoria Referência SFCC",
        "Data_Coleta": "2025-06-01 02:09:18"
    },
    {
        "ID_Produto": "959827",
        "Categoria_Scraping": "bebidas",
        "Nome": "Concentrado Frutos Exóticos",
        "Marca": "Sunquick",
        "Preco": 6.49,
        "Unidade_Info": "0.7 L | 9,27 €/L",
        "Categorias_GTM": "Bebidas, Sumos e Néctares, Categoria Referência SFCC",
        "Data_Coleta": "2025-06-01 02:09:18"
    },
    {
        "ID_Produto": "927000",
        "Categoria_Scraping": "bebidas",
        "Nome": "Concentrado Laranja Zero",
        "Marca": "Sunquick",
        "Preco": 6.19,
        "Unidade_Info": "0.7 L | 8,84 €/L",
        "Categorias_GTM": "Bebidas, Sumos e Néctares, Categoria Referência SFCC",
        "Data_Coleta": "2025-06-01 02:09:18"
    },
    {
        "ID_Produto": "728628",
        "Categoria_Scraping": "bebidas",
        "Nome": "Dry Gin",
        "Marca": "STOP",
        "Preco": 7.59,
        "Unidade_Info": "0.7 L | 10,84 €/L",
        "Categorias_GTM": "Categoria Referência SFCC, Bebidas, Vodka e Gin, Whisky e Espirituosas",
        "Data_Coleta": "2025-06-01 02:09:18"
    },
    {
        "ID_Produto": "640183",
        "Categoria_Scraping": "bebidas",
        "Nome": "Dry Gin Bombay",
        "Marca": "Bombay",
        "Preco": 14.79,
        "Unidade_Info": "0.7 L | 21,13 €/L",
        "Categorias_GTM": "Categoria Referência SFCC, Bebidas, Vodka e Gin, Whisky e Espirituosas, Poupe Esta Semana",
        "Data_Coleta": "2025-06-01 02:09:18"
    },
    {
        "ID_Produto": "834679",
        "Categoria_Scraping": "bebidas",
        "Nome": "Espumane Aliança Danúbio Bruto",
        "Marca": "Danúbio",
        "Preco": 6.59,
        "Unidade_Info": "0.75 L | 8,79 €/L",
        "Categorias_GTM": "Bebidas, Champanhe e Espumante, Categoria Referência SFCC",
        "Data_Coleta": "2025-06-01 02:09:18"
    },
    {
        "ID_Produto": "691992",
        "Categoria_Scraping": "bebidas",
        "Nome": "Espumante Aliança Danúbio Doce",
        "Marca": "Danúbio",
        "Preco": 6.59,
        "Unidade_Info": "0.75 L | 8,79 €/L",
        "Categorias_GTM": "Categoria Referência SFCC, Bebidas, Champanhe e Espumante",
        "Data_Coleta": "2025-06-01 02:09:28"
    },
    {
        "ID_Produto": "849718",
        "Categoria_Scraping": "bebidas",
        "Nome": "Espumante Alvarinho João Portugal Ramos",
        "Marca": "João Santarém",
        "Preco": 23.99,
        "Unidade_Info": "0.75 L | 31,99 €/L",
        "Categorias_GTM": "Categoria Referência SFCC, Bebidas, Champanhe e Espumante",
        "Data_Coleta": "2025-06-01 02:09:28"
    },
    {
        "ID_Produto": "2594",
        "Categoria_Scraping": "bebidas",
        "Nome": "Espumante Asti Gancia",
        "Marca": "Gancia",
        "Preco": 9.99,
        "Unidade_Info": "0.75 L | 13,32 €/L",
        "Categorias_GTM": "Bebidas, Champanhe e Espumante, Categoria Referência SFCC",
        "Data_Coleta": "2025-06-01 02:09:28"
    },
    {
        "ID_Produto": "932710",
        "Categoria_Scraping": "bebidas",
        "Nome": "Espumante Bellini Cipriani",
        "Marca": "Mionetto",
        "Preco": 18.89,
        "Unidade_Info": "0.75 L | 25,19 €/L",
        "Categorias_GTM": "Categoria Referência SFCC, Bebidas, Champanhe e Espumante",
        "Data_Coleta": "2025-06-01 02:09:28"
    },
    {
        "ID_Produto": "755659",
        "Categoria_Scraping": "bebidas",
        "Nome": "Espumante Bruto Branco Terras do Demo",
        "Marca": "Terras do Demo",
        "Preco": 9.99,
        "Unidade_Info": "0.75 L | 13,32 €/L",
        "Categorias_GTM": "Bebidas, Champanhe e Espumante, Categoria Referência SFCC",
        "Data_Coleta": "2025-06-01 02:09:28"
    },
    {
        "ID_Produto": "448847",
        "Categoria_Scraping": "bebidas",
        "Nome": "Espumante Bruto Extra Reserva São Domingos",
        "Marca": "São Domingos",
        "Preco": 6.98,
        "Unidade_Info": "0.75 L | 9,31 €/L",
        "Categorias_GTM": "Categoria Referência SFCC, Bebidas, Champanhe e Espumante",
        "Data_Coleta": "2025-06-01 02:09:28"
    },
    {
        "ID_Produto": "810519",
        "Categoria_Scraping": "bebidas",
        "Nome": "Espumante Bruto Gancia",
        "Marca": "Gancia",
        "Preco": 9.99,
        "Unidade_Info": "0.75 L | 13,32 €/L",
        "Categorias_GTM": "Categoria Referência SFCC, Bebidas, Champanhe e Espumante",
        "Data_Coleta": "2025-06-01 02:09:28"
    },
    {
        "ID_Produto": "899308",
        "Categoria_Scraping": "bebidas",
        "Nome": "Espumante Bruto Prestige Mionetto",
        "Marca": "Mionetto",
        "Preco": 10.99,
        "Unidade_Info": "0.75 L | 14,65 €/L",
        "Categorias_GTM": "Bebidas, Champanhe e Espumante, Categoria Referência SFCC",
        "Data_Coleta": "2025-06-01 02:09:28"
    },
    {
        "ID_Produto": "281762",
        "Categoria_Scraping": "bebidas",
        "Nome": "Espumante Bruto Reserva Murganheira",
        "Marca": "Murganheira",
        "Preco": 12.49,
        "Unidade_Info": "0.75 L | 16,65 €/L",
        "Categorias_GTM": "Bebidas, Champanhe e Espumante, Categoria Referência SFCC",
        "Data_Coleta": "2025-06-01 02:09:28"
    },
    {
        "ID_Produto": "755661",
        "Categoria_Scraping": "bebidas",
        "Nome": "Espumante Bruto Rosé Terras do Demo",
        "Marca": "Terras do Demo",
        "Preco": 9.99,
        "Unidade_Info": "0.75 L | 13,32 €/L",
        "Categorias_GTM": "Categoria Referência SFCC, Bebidas, Champanhe e Espumante",
        "Data_Coleta": "2025-06-01 02:09:28"
    },
    {
        "ID_Produto": "877324",
        "Categoria_Scraping": "bebidas",
        "Nome": "Espumante Canti Moscato",
        "Marca": "Contessa Carlotta",
        "Preco": 4.99,
        "Unidade_Info": "0.75 L | 6,65 €/L",
        "Categorias_GTM": "Bebidas, Champanhe e Espumante, Categoria Referência SFCC",
        "Data_Coleta": "2025-06-01 02:09:28"
    },
    {
        "ID_Produto": "965320",
        "Categoria_Scraping": "bebidas",
        "Nome": "Espumante Convento Marialva Bruto",
        "Marca": "Convento Marialva",
        "Preco": 4.99,
        "Unidade_Info": "0.75 L | 6,65 €/L",
        "Categorias_GTM": "Bebidas, Champanhe e Espumante, Promoções, Poupe Esta Semana, Categoria Referência SFCC",
        "Data_Coleta": "2025-06-01 02:09:37"
    },
    {
        "ID_Produto": "704330",
        "Categoria_Scraping": "bebidas",
        "Nome": "Espumante Doce Gancia Grand Reale",
        "Marca": "Gancia",
        "Preco": 4.99,
        "Unidade_Info": "0.75 L | 6,65 €/L",
        "Categorias_GTM": "Categoria Referência SFCC, Champanhe e Espumante, Bebidas",
        "Data_Coleta": "2025-06-01 02:09:37"
    },
    {
        "ID_Produto": "314293",
        "Categoria_Scraping": "bebidas",
        "Nome": "Espumante Freixenet Cordón Negro Bruto",
        "Marca": "Freixenet",
        "Preco": 2.99,
        "Unidade_Info": "0.2 L | 14,95 €/L",
        "Categorias_GTM": "Promoções, Bebidas, Champanhe e Espumante, Poupe Esta Semana, Categoria Referência SFCC",
        "Data_Coleta": "2025-06-01 02:09:37"
    },
    {
        "ID_Produto": "699139",
        "Categoria_Scraping": "bebidas",
        "Nome": "Espumante Malvasia Moscato Asso",
        "Marca": "Asso",
        "Preco": 2.99,
        "Unidade_Info": "0.75 L | 3,99 €/L",
        "Categorias_GTM": "Categoria Referência SFCC, Bebidas, Champanhe e Espumante",
        "Data_Coleta": "2025-06-01 02:09:37"
    },
    {
        "ID_Produto": "660677",
        "Categoria_Scraping": "bebidas",
        "Nome": "Espumante Martini Asti",
        "Marca": "Martini",
        "Preco": 10.59,
        "Unidade_Info": "0.75 L | 14,12 €/L",
        "Categorias_GTM": "Categoria Referência SFCC, Bebidas, Champanhe e Espumante",
        "Data_Coleta": "2025-06-01 02:09:37"
    },
    {
        "ID_Produto": "600523",
        "Categoria_Scraping": "bebidas",
        "Nome": "Espumante Meio Seco Carta Nevada Freixenet",
        "Marca": "Freixenet",
        "Preco": 8.99,
        "Unidade_Info": "0.75 L | 11,99 €/L",
        "Categorias_GTM": "Categoria Referência SFCC, Bebidas, Champanhe e Espumante",
        "Data_Coleta": "2025-06-01 02:09:37"
    },
    {
        "ID_Produto": "100424",
        "Categoria_Scraping": "bebidas",
        "Nome": "Espumante Murganheiras Super Reserva Meio Seco",
        "Marca": "Murganheira",
        "Preco": 15.29,
        "Unidade_Info": "0.75 L | 20,39 €/L",
        "Categorias_GTM": "Bebidas, Champanhe e Espumante, Categoria Referência SFCC",
        "Data_Coleta": "2025-06-01 02:09:37"
    },
    {
        "ID_Produto": "763607",
        "Categoria_Scraping": "bebidas",
        "Nome": "Espumante Prosecco Gancia",
        "Marca": "Gancia",
        "Preco": 11.99,
        "Unidade_Info": "0.75 L | 15,99 €/L",
        "Categorias_GTM": "Bebidas, Champanhe e Espumante, Categoria Referência SFCC",
        "Data_Coleta": "2025-06-01 02:09:37"
    },
    {
        "ID_Produto": "596956",
        "Categoria_Scraping": "bebidas",
        "Nome": "Espumante Reserva Bruto Freixenet",
        "Marca": "Freixenet",
        "Preco": 9.99,
        "Unidade_Info": "0.75 L | 13,32 €/L",
        "Categorias_GTM": "Categoria Referência SFCC, Bebidas, Champanhe e Espumante",
        "Data_Coleta": "2025-06-01 02:09:37"
    },
    {
        "ID_Produto": "467094",
        "Categoria_Scraping": "bebidas",
        "Nome": "Espumante Reserva Bruto Raposeira",
        "Marca": "Raposeira",
        "Preco": 8.79,
        "Unidade_Info": "0.75 L | 11,72 €/L",
        "Categorias_GTM": "Categoria Referência SFCC, Bebidas, Champanhe e Espumante",
        "Data_Coleta": "2025-06-01 02:09:37"
    },
    {
        "ID_Produto": "66110",
        "Categoria_Scraping": "bebidas",
        "Nome": "Espumante Reserva Meio Seco Raposeira",
        "Marca": "Raposeira",
        "Preco": 8.79,
        "Unidade_Info": "0.75 L | 11,72 €/L",
        "Categorias_GTM": "Bebidas, Champanhe e Espumante, Categoria Referência SFCC",
        "Data_Coleta": "2025-06-01 02:09:47"
    },
    {
        "ID_Produto": "846494",
        "Categoria_Scraping": "bebidas",
        "Nome": "Espumante Rosé Freixenet Ice Meio Seco",
        "Marca": "Freixenet",
        "Preco": 9.59,
        "Unidade_Info": "0.75 L | 12,79 €/L",
        "Categorias_GTM": "Categoria Referência SFCC, Poupe Esta Semana, Promoções, Bebidas, Champanhe e Espumante",
        "Data_Coleta": "2025-06-01 02:09:47"
    },
    {
        "ID_Produto": "260256",
        "Categoria_Scraping": "bebidas",
        "Nome": "Espumante Rosé Murganheira Bruto",
        "Marca": "Murganheira",
        "Preco": 15.29,
        "Unidade_Info": "0.75 L | 20,39 €/L",
        "Categorias_GTM": "Bebidas, Champanhe e Espumante, Categoria Referência SFCC",
        "Data_Coleta": "2025-06-01 02:09:47"
    },
    {
        "ID_Produto": "197638",
        "Categoria_Scraping": "bebidas",
        "Nome": "Espumante São Domingos Select Meio Seco",
        "Marca": "São Domingos",
        "Preco": 4.98,
        "Unidade_Info": "0.75 L | 6,64 €/L",
        "Categorias_GTM": "Bebidas, Champanhe e Espumante, Categoria Referência SFCC",
        "Data_Coleta": "2025-06-01 02:09:47"
    },
    {
        "ID_Produto": "525405",
        "Categoria_Scraping": "bebidas",
        "Nome": "Espumante Select Doce São Domingos",
        "Marca": "São Domingos",
        "Preco": 4.98,
        "Unidade_Info": "0.75 L | 6,64 €/L",
        "Categorias_GTM": "Categoria Referência SFCC, Bebidas, Champanhe e Espumante",
        "Data_Coleta": "2025-06-01 02:09:47"
    },
    {
        "ID_Produto": "19165",
        "Categoria_Scraping": "bebidas",
        "Nome": "Espumante Superior Reserva Bruto Murganheira",
        "Marca": "Murganheira",
        "Preco": 15.29,
        "Unidade_Info": "0.75 L | 20,39 €/L",
        "Categorias_GTM": "Bebidas, Champanhe e Espumante, Categoria Referência SFCC",
        "Data_Coleta": "2025-06-01 02:09:47"
    },
    {
        "ID_Produto": "906657",
        "Categoria_Scraping": "bebidas",
        "Nome": "Espumante Terras do Demo Verdelho",
        "Marca": "Terras do Demo",
        "Preco": 9.99,
        "Unidade_Info": "0.75 L | 13,32 €/L",
        "Categorias_GTM": "Bebidas, Champanhe e Espumante, Categoria Referência SFCC",
        "Data_Coleta": "2025-06-01 02:09:47"
    },
    {
        "ID_Produto": "693108",
        "Categoria_Scraping": "bebidas",
        "Nome": "Espumante Tinto Bruto Aliança",
        "Marca": "Aliança",
        "Preco": 7.25,
        "Unidade_Info": "0.75 L | 9,67 €/L",
        "Categorias_GTM": "Categoria Referência SFCC, Bebidas, Champanhe e Espumante",
        "Data_Coleta": "2025-06-01 02:09:47"
    },
    {
        "ID_Produto": "964889",
        "Categoria_Scraping": "bebidas",
        "Nome": "Espumante Vale da Seca Meio Seco",
        "Marca": "Vale da Seca",
        "Preco": 3.99,
        "Unidade_Info": "0.75 L | 5,32 €/L",
        "Categorias_GTM": "Bebidas, Champanhe e Espumante, Promoções, Poupe Esta Semana, Categoria Referência SFCC",
        "Data_Coleta": "2025-06-01 02:09:47"
    },
    {
        "ID_Produto": "928228",
        "Categoria_Scraping": "bebidas",
        "Nome": "Gin & Tonic Bombay Saphire Lata",
        "Marca": "Bombay",
        "Preco": 2.44,
        "Unidade_Info": "0.25 L | 9,76 €/L",
        "Categorias_GTM": "Bebidas, Vodka e Gin, Whisky e Espirituosas, Poupe Esta Semana, Promoções",
        "Data_Coleta": "2025-06-01 02:09:47"
    },
    {
        "ID_Produto": "973826",
        "Categoria_Scraping": "bebidas",
        "Nome": "Gin Beefeater",
        "Marca": "Beefeater",
        "Preco": 15.79,
        "Unidade_Info": "0.7 L | 22,56 €/L",
        "Categorias_GTM": "Bebidas, Vodka e Gin, Whisky e Espirituosas, Categoria Referência SFCC, Poupe Esta Semana",
        "Data_Coleta": "2025-06-01 02:09:47"
    },
    {
        "ID_Produto": "8813",
        "Categoria_Scraping": "bebidas",
        "Nome": "Gin Beefeater",
        "Marca": "Beefeater",
        "Preco": 15.79,
        "Unidade_Info": "0.7 L | 22,56 €/L",
        "Categorias_GTM": "Bebidas, Vodka e Gin, Whisky e Espirituosas, Categoria Referência SFCC, Poupe Esta Semana",
        "Data_Coleta": "2025-06-01 02:09:47"
    },
    {
        "ID_Produto": "971304",
        "Categoria_Scraping": "bebidas",
        "Nome": "Gin Black Beefeater",
        "Marca": "Beefeater",
        "Preco": 20.19,
        "Unidade_Info": "0.7 L | 28,84 €/L",
        "Categorias_GTM": "Bebidas, Vodka e Gin, Whisky e Espirituosas, Categoria Referência SFCC, Poupe Este Fim De Semana",
        "Data_Coleta": "2025-06-01 02:09:57"
    },
    {
        "ID_Produto": "263891",
        "Categoria_Scraping": "bebidas",
        "Nome": "Gin Bombay Sapphire",
        "Marca": "Bombay",
        "Preco": 25.69,
        "Unidade_Info": "0.7 L | 36,7 €/L",
        "Categorias_GTM": "Bebidas, Vodka e Gin, Whisky e Espirituosas, Categoria Referência SFCC",
        "Data_Coleta": "2025-06-01 02:09:57"
    },
    {
        "ID_Produto": "705155",
        "Categoria_Scraping": "bebidas",
        "Nome": "Ginger Ale",
        "Marca": "Schweppes",
        "Preco": 2.09,
        "Unidade_Info": "1 L | 2,09 €/L",
        "Categorias_GTM": "Categoria Referência SFCC, Bebidas, Refrigerantes com Gás, Refrigerantes",
        "Data_Coleta": "2025-06-01 02:09:57"
    },
    {
        "ID_Produto": "17419",
        "Categoria_Scraping": "bebidas",
        "Nome": "Ginger Ale Lata",
        "Marca": "Schweppes",
        "Preco": 0.96,
        "Unidade_Info": "0.33 L | 2,91 €/L",
        "Categorias_GTM": "Sumos e Néctares, Bebidas, Categoria Referência SFCC",
        "Data_Coleta": "2025-06-01 02:09:57"
    },
    {
        "ID_Produto": "945500",
        "Categoria_Scraping": "bebidas",
        "Nome": "Ginger Ale Pack 6",
        "Marca": "Schweppes",
        "Preco": 6.29,
        "Unidade_Info": "6 x0.2 L | 5,24 €/L",
        "Categorias_GTM": "Bebidas, Sumos e Néctares, Categoria Referência SFCC",
        "Data_Coleta": "2025-06-01 02:09:57"
    },
    {
        "ID_Produto": "945883",
        "Categoria_Scraping": "bebidas",
        "Nome": "Gin Gordon's",
        "Marca": "Gordon's",
        "Preco": 13.99,
        "Unidade_Info": "0.7 L | 19,99 €/L",
        "Categorias_GTM": "N/A",
        "Data_Coleta": "2025-06-01 02:09:57"
    },
    {
        "ID_Produto": "728587",
        "Categoria_Scraping": "bebidas",
        "Nome": "Gin Hendrick's",
        "Marca": "Hendrick's",
        "Preco": 32.99,
        "Unidade_Info": "0.7 L | 47,13 €/L",
        "Categorias_GTM": "N/A",
        "Data_Coleta": "2025-06-01 02:09:57"
    },
    {
        "ID_Produto": "735881",
        "Categoria_Scraping": "bebidas",
        "Nome": "Gin London Dry Bulldog",
        "Marca": "Bulldog",
        "Preco": 29.99,
        "Unidade_Info": "0.7 L | 42,84 €/L",
        "Categorias_GTM": "Categoria Referência SFCC, Bebidas, Vodka e Gin, Whisky e Espirituosas",
        "Data_Coleta": "2025-06-01 02:09:57"
    },
    {
        "ID_Produto": "748451",
        "Categoria_Scraping": "bebidas",
        "Nome": "Gin Mare",
        "Marca": "Mare",
        "Preco": 39.69,
        "Unidade_Info": "0.7 L | 56,7 €/L",
        "Categorias_GTM": "Bebidas, Vodka e Gin, Whisky e Espirituosas, Categoria Referência SFCC",
        "Data_Coleta": "2025-06-01 02:09:57"
    },
    {
        "ID_Produto": "761239",
        "Categoria_Scraping": "bebidas",
        "Nome": "Gin Nordés",
        "Marca": "Nordés",
        "Preco": 27.39,
        "Unidade_Info": "0.7 L | 39,13 €/L",
        "Categorias_GTM": "Poupe Esta Semana, Promoções, Categoria Referência SFCC, Bebidas, Vodka e Gin",
        "Data_Coleta": "2025-06-01 02:09:57"
    },
    {
        "ID_Produto": "866279",
        "Categoria_Scraping": "bebidas",
        "Nome": "Gin Pink Beefeater",
        "Marca": "Beefeater",
        "Preco": 22.79,
        "Unidade_Info": "0.7 L | 32,56 €/L",
        "Categorias_GTM": "Bebidas, Vodka e Gin, Whisky e Espirituosas, Categoria Referência SFCC",
        "Data_Coleta": "2025-06-01 02:09:57"
    },
    {
        "ID_Produto": "846903",
        "Categoria_Scraping": "bebidas",
        "Nome": "Gin Pink Gordons",
        "Marca": "Gordon's",
        "Preco": 19.89,
        "Unidade_Info": "0.7 L | 22,7 €/L",
        "Categorias_GTM": "N/A",
        "Data_Coleta": "2025-06-01 02:09:57"
    },
    {
        "ID_Produto": "852508",
        "Categoria_Scraping": "bebidas",
        "Nome": "Gin Puerto Indias Strawberry",
        "Marca": "Puerto Indias",
        "Preco": 20.99,
        "Unidade_Info": "0.7 L | 29,99 €/L",
        "Categorias_GTM": "Bebidas, Vodka e Gin, Whisky e Espirituosas, Categoria Referência SFCC",
        "Data_Coleta": "2025-06-01 02:10:07"
    },
    {
        "ID_Produto": "927219",
        "Categoria_Scraping": "bebidas",
        "Nome": "Gin Rodanov",
        "Marca": "Rodanov",
        "Preco": 12.29,
        "Unidade_Info": "0.7 L | 17,56 €/L",
        "Categorias_GTM": "Bebidas, Vodka e Gin, Whisky e Espirituosas, Categoria Referência SFCC",
        "Data_Coleta": "2025-06-01 02:10:07"
    },
    {
        "ID_Produto": "927510",
        "Categoria_Scraping": "bebidas",
        "Nome": "Gin Sicilian Lemon Gordon's",
        "Marca": "Gordon's",
        "Preco": 19.89,
        "Unidade_Info": "0.7 L | 28,41 €/L",
        "Categorias_GTM": "N/A",
        "Data_Coleta": "2025-06-01 02:10:07"
    },
    {
        "ID_Produto": "931530",
        "Categoria_Scraping": "bebidas",
        "Nome": "Ice Tea de Limão Pack 3",
        "Marca": "Lipton",
        "Preco": 1.48,
        "Unidade_Info": "3 x0.2 L | 2,47 €/L",
        "Categorias_GTM": "Bebidas, Ice Tea, Categoria Referência SFCC, Poupe Este Fim De Semana, Poupe Esta Semana",
        "Data_Coleta": "2025-06-01 02:10:07"
    },
    {
        "ID_Produto": "932287",
        "Categoria_Scraping": "bebidas",
        "Nome": "Ice Tea de Manga Pack 3",
        "Marca": "Lipton",
        "Preco": 1.48,
        "Unidade_Info": "3 x0.2 L | 2,47 €/L",
        "Categorias_GTM": "Bebidas, Ice Tea, Categoria Referência SFCC, Poupe Este Fim De Semana, Poupe Esta Semana",
        "Data_Coleta": "2025-06-01 02:10:07"
    },
    {
        "ID_Produto": "931531",
        "Categoria_Scraping": "bebidas",
        "Nome": "Ice Tea de Pêssego Pack 3",
        "Marca": "Lipton",
        "Preco": 1.48,
        "Unidade_Info": "3 x0.2 L | 2,47 €/L",
        "Categorias_GTM": "Bebidas, Ice Tea, Categoria Referência SFCC, Poupe Esta Semana, Promoções",
        "Data_Coleta": "2025-06-01 02:10:07"
    },
    {
        "ID_Produto": "772956",
        "Categoria_Scraping": "bebidas",
        "Nome": "Ice Tea Pêssego Lata Pack 6",
        "Marca": "Lipton",
        "Preco": 3.86,
        "Unidade_Info": "6 x0.25 L | 2,57 €/L",
        "Categorias_GTM": "Bebidas, Ice Tea, Categoria Referência SFCC, Poupe Esta Semana, Promoções",
        "Data_Coleta": "2025-06-01 02:10:17"
    },
    {
        "ID_Produto": "876588",
        "Categoria_Scraping": "bebidas",
        "Nome": "Jack Daniel's Honey",
        "Marca": "Jack Daniel's",
        "Preco": 25.59,
        "Unidade_Info": "0.7 L | 36,56 €/L",
        "Categorias_GTM": "N/A",
        "Data_Coleta": "2025-06-01 02:10:17"
    },
    {
        "ID_Produto": "965612",
        "Categoria_Scraping": "bebidas",
        "Nome": "Licor Amarguinha Creme",
        "Marca": "Amarguinha",
        "Preco": 12.99,
        "Unidade_Info": "0.7 L | 18,56 €/L",
        "Categorias_GTM": "Bebidas, Licores, Whisky e Espirituosas, Categoria Referência SFCC, Poupe Este Fim De Semana",
        "Data_Coleta": "2025-06-01 02:10:17"
    },
    {
        "ID_Produto": "984495",
        "Categoria_Scraping": "bebidas",
        "Nome": "Licor Amarguinha Creme Tarte de Amêndoa e Caramelo",
        "Marca": "Amarguinha",
        "Preco": 12.99,
        "Unidade_Info": "0.7 L | 18,56 €/L",
        "Categorias_GTM": "Bebidas, Licores, Whisky e Espirituosas, Categoria Referência SFCC, Poupe Esta Semana",
        "Data_Coleta": "2025-06-01 02:10:17"
    },
    {
        "ID_Produto": "918852",
        "Categoria_Scraping": "bebidas",
        "Nome": "Licor Beirão",
        "Marca": "Beirão",
        "Preco": 18.49,
        "Unidade_Info": "0.7 L | 26,41 €/L",
        "Categorias_GTM": "Categoria Referência SFCC, Bebidas, Licores, Whisky e Espirituosas",
        "Data_Coleta": "2025-06-01 02:10:17"
    },
    {
        "ID_Produto": "968420",
        "Categoria_Scraping": "bebidas",
        "Nome": "Licor Beirão",
        "Marca": "Beirão",
        "Preco": 15.99,
        "Unidade_Info": "1 L | 15,99 €/L",
        "Categorias_GTM": "Bebidas, Licores, Whisky e Espirituosas, Categoria Referência SFCC, Poupe Este Fim De Semana",
        "Data_Coleta": "2025-06-01 02:10:17"
    },
    {
        "ID_Produto": "930717",
        "Categoria_Scraping": "bebidas",
        "Nome": "Licor Beirão",
        "Marca": "Beirão",
        "Preco": 3.99,
        "Unidade_Info": "0.2 L | 19,95 €/L",
        "Categorias_GTM": "Categoria Referência SFCC, Poupe Esta Semana, Bebidas, Whisky e Espirituosas, Licores",
        "Data_Coleta": "2025-06-01 02:10:17"
    },
    {
        "ID_Produto": "843392",
        "Categoria_Scraping": "bebidas",
        "Nome": "Licor Beirão D'Honra",
        "Marca": "Beirão",
        "Preco": 24.99,
        "Unidade_Info": "0.7 L | 35,7 €/L",
        "Categorias_GTM": "N/A",
        "Data_Coleta": "2025-06-01 02:10:17"
    },
    {
        "ID_Produto": "945131",
        "Categoria_Scraping": "bebidas",
        "Nome": "Licor Beirão Morangão Lata",
        "Marca": "Beirão",
        "Preco": 1.79,
        "Unidade_Info": "0.25 L | 7,16 €/L",
        "Categorias_GTM": "Categoria Referência SFCC, Poupe Esta Semana, Bebidas, Licores, Whisky e Espirituosas",
        "Data_Coleta": "2025-06-01 02:10:17"
    },
    {
        "ID_Produto": "849620",
        "Categoria_Scraping": "bebidas",
        "Nome": "Licor Creme de Pastel de Nata",
        "Marca": "35",
        "Preco": 13.19,
        "Unidade_Info": "0.7 L | 18,84 €/L",
        "Categorias_GTM": "Categoria Referência SFCC, Bebidas, Licores, Whisky e Espirituosas, Poupe Esta Semana",
        "Data_Coleta": "2025-06-01 02:10:17"
    },
    {
        "ID_Produto": "728616",
        "Categoria_Scraping": "bebidas",
        "Nome": "Licor de Amêndoa Amarga",
        "Marca": "Amêndoa Amarga",
        "Preco": 6.19,
        "Unidade_Info": "0.7 L | 8,84 €/L",
        "Categorias_GTM": "Categoria Referência SFCC, Bebidas, Licores, Whisky e Espirituosas",
        "Data_Coleta": "2025-06-01 02:10:17"
    },
    {
        "ID_Produto": "45130",
        "Categoria_Scraping": "bebidas",
        "Nome": "Licor de Amêndoa Amarga Amarguinha",
        "Marca": "Amarguinha",
        "Preco": 9.99,
        "Unidade_Info": "0.7 L | 14,27 €/L",
        "Categorias_GTM": "Categoria Referência SFCC, Bebidas, Licores, Whisky e Espirituosas, Poupe Este Fim De Semana",
        "Data_Coleta": "2025-06-01 02:10:18"
    },
    {
        "ID_Produto": "41165",
        "Categoria_Scraping": "bebidas",
        "Nome": "Licor de Whisky Carolans",
        "Marca": "Carolans",
        "Preco": 15.99,
        "Unidade_Info": "0.7 L | 22,84 €/L",
        "Categorias_GTM": "Bebidas, Licores, Whisky e Espirituosas, Categoria Referência SFCC",
        "Data_Coleta": "2025-06-01 02:10:28"
    },
    {
        "ID_Produto": "100282",
        "Categoria_Scraping": "bebidas",
        "Nome": "Licor Drambuie",
        "Marca": "Drambuie",
        "Preco": 30.39,
        "Unidade_Info": "0.7 L | 43,41 €/L",
        "Categorias_GTM": "Bebidas, Licores, Whisky e Espirituosas, Categoria Referência SFCC",
        "Data_Coleta": "2025-06-01 02:10:28"
    },
    {
        "ID_Produto": "641427",
        "Categoria_Scraping": "bebidas",
        "Nome": "Licor Limoncello Villa Massa",
        "Marca": "Villa Massa",
        "Preco": 17.99,
        "Unidade_Info": "0.5 L | 35,98 €/L",
        "Categorias_GTM": "Categoria Referência SFCC, Bebidas, Licores, Whisky e Espirituosas",
        "Data_Coleta": "2025-06-01 02:10:28"
    },
    {
        "ID_Produto": "948299",
        "Categoria_Scraping": "bebidas",
        "Nome": "Licor Macieira Cream",
        "Marca": "Macieira",
        "Preco": 18.29,
        "Unidade_Info": "0.7 L | 26,13 €/L",
        "Categorias_GTM": "Categoria Referência SFCC, Bebidas, Licores, Whisky e Espirituosas",
        "Data_Coleta": "2025-06-01 02:10:28"
    },
    {
        "ID_Produto": "983779",
        "Categoria_Scraping": "bebidas",
        "Nome": "LICOR MACIEIRA CREAM CARAMELO SALG 70 CL",
        "Marca": "Macieira",
        "Preco": 19.99,
        "Unidade_Info": "0.7 L | 28,56 €/L",
        "Categorias_GTM": "Bebidas, Licores, Whisky e Espirituosas, Categoria Referência SFCC",
        "Data_Coleta": "2025-06-01 02:10:28"
    },
    {
        "ID_Produto": "100298",
        "Categoria_Scraping": "bebidas",
        "Nome": "Licor Safari",
        "Marca": "Safari",
        "Preco": 13.99,
        "Unidade_Info": "0.7 L | 19,99 €/L",
        "Categorias_GTM": "Poupe Esta Semana, Bebidas, Licores, Whisky e Espirituosas, Promoções",
        "Data_Coleta": "2025-06-01 02:10:28"
    },
    {
        "ID_Produto": "55751",
        "Categoria_Scraping": "bebidas",
        "Nome": "Licor Sheridan's",
        "Marca": "Sheridan's",
        "Preco": 24.49,
        "Unidade_Info": "0.5 L | 48,98 €/L",
        "Categorias_GTM": "N/A",
        "Data_Coleta": "2025-06-01 02:10:28"
    },
    {
        "ID_Produto": "561694",
        "Categoria_Scraping": "bebidas",
        "Nome": "Malibu Coco",
        "Marca": "Malibu",
        "Preco": 17.99,
        "Unidade_Info": "0.7 L | 25,7 €/L",
        "Categorias_GTM": "Categoria Referência SFCC, Bebidas, Licores, Whisky e Espirituosas",
        "Data_Coleta": "2025-06-01 02:10:28"
    },
    {
        "ID_Produto": "216778",
        "Categoria_Scraping": "bebidas",
        "Nome": "Moscatel de Setúbal 10 Anos Bacalhôa",
        "Marca": "Quinta da Bacalhôa",
        "Preco": 21.99,
        "Unidade_Info": "0.75 L | 29,32 €/L",
        "Categorias_GTM": "Bebidas, Moscatel e outros Vinhos, Categoria Referência SFCC",
        "Data_Coleta": "2025-06-01 02:10:28"
    },
    {
        "ID_Produto": "649828",
        "Categoria_Scraping": "bebidas",
        "Nome": "Moscatel de Setúbal Adega Cooperativa de Palmela",
        "Marca": "Adega Cooperativa de Palmela",
        "Preco": 5.99,
        "Unidade_Info": "0.75 L | 7,99 €/L",
        "Categorias_GTM": "Categoria Referência SFCC, Bebidas, Moscatel e outros Vinhos",
        "Data_Coleta": "2025-06-01 02:10:28"
    },
    {
        "ID_Produto": "42000",
        "Categoria_Scraping": "bebidas",
        "Nome": "Moscatel de Setúbal Alambre José Maria da Fonseca",
        "Marca": "José Maria da Fonseca",
        "Preco": 6.99,
        "Unidade_Info": "0.75 L | 9,32 €/L",
        "Categorias_GTM": "Bebidas, Moscatel e outros Vinhos, Categoria Referência SFCC",
        "Data_Coleta": "2025-06-01 02:10:28"
    },
    {
        "ID_Produto": "202188",
        "Categoria_Scraping": "bebidas",
        "Nome": "Moscatel de Setúbal Bacalhôa",
        "Marca": "Quinta da Bacalhôa",
        "Preco": 5.99,
        "Unidade_Info": "0.75 L | 7,99 €/L",
        "Categorias_GTM": "Bebidas, Moscatel e outros Vinhos, Categoria Referência SFCC",
        "Data_Coleta": "2025-06-01 02:10:28"
    },
    {
        "ID_Produto": "654238",
        "Categoria_Scraping": "bebidas",
        "Nome": "Moscatel Douro Favaios",
        "Marca": "Favaios",
        "Preco": 5.99,
        "Unidade_Info": "0.75 L | 7,99 €/L",
        "Categorias_GTM": "Categoria Referência SFCC, Bebidas, Moscatel e outros Vinhos",
        "Data_Coleta": "2025-06-01 02:10:39"
    },
    {
        "ID_Produto": "609721",
        "Categoria_Scraping": "bebidas",
        "Nome": "Moscatel Douro Favaito Mini Pack 10",
        "Marca": "Favaios",
        "Preco": 7.79,
        "Unidade_Info": "0.6 L | 12,98 €/L",
        "Categorias_GTM": "Categoria Referência SFCC, Bebidas, Moscatel e outros Vinhos",
        "Data_Coleta": "2025-06-01 02:10:39"
    },
    {
        "ID_Produto": "962328",
        "Categoria_Scraping": "bebidas",
        "Nome": "Moscatel Douro Fonte da Perdiz",
        "Marca": "Fonte da Perdiz",
        "Preco": 3.99,
        "Unidade_Info": "0.75 L | 5,32 €/L",
        "Categorias_GTM": "Bebidas, Moscatel e outros Vinhos, Promoções, Poupe Esta Semana, Categoria Referência SFCC",
        "Data_Coleta": "2025-06-01 02:10:39"
    },
    {
        "ID_Produto": "432212",
        "Categoria_Scraping": "bebidas",
        "Nome": "Moscatel Douro Mural Favaios",
        "Marca": "Mural de Favaios",
        "Preco": 5.19,
        "Unidade_Info": "0.75 L | 6,92 €/L",
        "Categorias_GTM": "Bebidas, Moscatel e outros Vinhos, Categoria Referência SFCC, Poupe Este Fim De Semana, Poupe Esta Semana",
        "Data_Coleta": "2025-06-01 02:10:39"
    },
    {
        "ID_Produto": "805284",
        "Categoria_Scraping": "bebidas",
        "Nome": "Moscatel Setúbal Roxo Alambre",
        "Marca": "Alambre",
        "Preco": 14.99,
        "Unidade_Info": "0.75 L | 19,99 €/L",
        "Categorias_GTM": "Categoria Referência SFCC, Bebidas, Moscatel e outros Vinhos",
        "Data_Coleta": "2025-06-01 02:10:39"
    },
    {
        "ID_Produto": "930454",
        "Categoria_Scraping": "bebidas",
        "Nome": "Néctar Antioxidante Frutos Vermelhos Pack 3",
        "Marca": "Compal Vital Equilíbrio",
        "Preco": 1.35,
        "Unidade_Info": "3 x0.2 L | 2,25 €/L",
        "Categorias_GTM": "Bebidas, Sumos e Néctares, Categoria Referência SFCC, Poupe Este Fim De Semana, Poupe Esta Semana",
        "Data_Coleta": "2025-06-01 02:10:49"
    },
    {
        "ID_Produto": "957073",
        "Categoria_Scraping": "bebidas",
        "Nome": "Néctar Banana",
        "Marca": "Compal Clássico",
        "Preco": 1.19,
        "Unidade_Info": "1 L | 1,19 €/L",
        "Categorias_GTM": "Categoria Referência SFCC, Bebidas, Sumos e Néctares",
        "Data_Coleta": "2025-06-01 02:10:49"
    },
    {
        "ID_Produto": "990102",
        "Categoria_Scraping": "bebidas",
        "Nome": "Néctar Banana e Morango",
        "Marca": "Um Bongo",
        "Preco": 0.46,
        "Unidade_Info": "0.2 L | 2,3 €/L",
        "Categorias_GTM": "Bebidas, Sumos e Néctares, Categoria Referência SFCC, Poupe Esta Semana, Promoções",
        "Data_Coleta": "2025-06-01 02:10:49"
    },
    {
        "ID_Produto": "987415",
        "Categoria_Scraping": "bebidas",
        "Nome": "Néctar Frutos Tropicais",
        "Marca": "Compal Familia",
        "Preco": 0.99,
        "Unidade_Info": "1 L | 0,99 €/L",
        "Categorias_GTM": "Bebidas, Sumos e Néctares, Categoria Referência SFCC",
        "Data_Coleta": "2025-06-01 02:10:49"
    },
    {
        "ID_Produto": "950461",
        "Categoria_Scraping": "bebidas",
        "Nome": "Néctar Goiaba",
        "Marca": "Compal Origens",
        "Preco": 1.69,
        "Unidade_Info": "1 L | 1,69 €/L",
        "Categorias_GTM": "Categoria Referência SFCC, Bebidas, Sumos e Néctares",
        "Data_Coleta": "2025-06-01 02:10:49"
    },
    {
        "ID_Produto": "972315",
        "Categoria_Scraping": "bebidas",
        "Nome": "Néctar Laranja do Algarve",
        "Marca": "Compal Origens",
        "Preco": 0.84,
        "Unidade_Info": "0.3 L | 2,8 €/L",
        "Categorias_GTM": "Bebidas, Sumos e Néctares, Categoria Referência SFCC",
        "Data_Coleta": "2025-06-01 02:10:49"
    },
    {
        "ID_Produto": "931529",
        "Categoria_Scraping": "bebidas",
        "Nome": "Néctar Laranja do Algarve Pack 3",
        "Marca": "Compal Origens",
        "Preco": 1.79,
        "Unidade_Info": "3 x0.2 L | 2,98 €/L",
        "Categorias_GTM": "Categoria Referência SFCC, Bebidas, Sumos e Néctares",
        "Data_Coleta": "2025-06-01 02:10:49"
    },
    {
        "ID_Produto": "957072",
        "Categoria_Scraping": "bebidas",
        "Nome": "Néctar Maçã",
        "Marca": "Compal Clássico",
        "Preco": 1.19,
        "Unidade_Info": "1 L | 1,19 €/L",
        "Categorias_GTM": "Categoria Referência SFCC, Bebidas, Sumos e Néctares",
        "Data_Coleta": "2025-06-01 02:10:49"
    },
    {
        "ID_Produto": "931159",
        "Categoria_Scraping": "bebidas",
        "Nome": "Néctar Manga Pack 3",
        "Marca": "Um Bongo",
        "Preco": 1.35,
        "Unidade_Info": "3 x0.2 L | 2,25 €/L",
        "Categorias_GTM": "Categoria Referência SFCC, Bebidas, Sumos e Néctares, Poupe Esta Semana, Promoções",
        "Data_Coleta": "2025-06-01 02:10:49"
    },
    {
        "ID_Produto": "971630",
        "Categoria_Scraping": "bebidas",
        "Nome": "Néctar Maracujá",
        "Marca": "Compal Clássico",
        "Preco": 0.84,
        "Unidade_Info": "0.3 L | 2,8 €/L",
        "Categorias_GTM": "Bebidas, Sumos e Néctares, Categoria Referência SFCC",
        "Data_Coleta": "2025-06-01 02:10:49"
    },
    {
        "ID_Produto": "931527",
        "Categoria_Scraping": "bebidas",
        "Nome": "Néctar Pera Pack 3",
        "Marca": "Compal Clássico",
        "Preco": 1.79,
        "Unidade_Info": "3 x0.2 L | 2,98 €/L",
        "Categorias_GTM": "Categoria Referência SFCC, Bebidas, Sumos e Néctares",
        "Data_Coleta": "2025-06-01 02:10:49"
    },
    {
        "ID_Produto": "971632",
        "Categoria_Scraping": "bebidas",
        "Nome": "Néctar Pêssego",
        "Marca": "Compal Clássico",
        "Preco": 0.84,
        "Unidade_Info": "0.3 L | 2,8 €/L",
        "Categorias_GTM": "Bebidas, Sumos e Néctares, Categoria Referência SFCC",
        "Data_Coleta": "2025-06-01 02:11:00"
    },
    {
        "ID_Produto": "929562",
        "Categoria_Scraping": "bebidas",
        "Nome": "Néctar Pêssego Pack 3",
        "Marca": "Compal Clássico",
        "Preco": 1.59,
        "Unidade_Info": "3 x0.2 L | 2,65 €/L",
        "Categorias_GTM": "Bebidas, Sumos e Néctares, Categoria Referência SFCC",
        "Data_Coleta": "2025-06-01 02:11:00"
    },
    {
        "ID_Produto": "930677",
        "Categoria_Scraping": "bebidas",
        "Nome": "Néctar Tutti Frutti Pack 3",
        "Marca": "Compal Clássico",
        "Preco": 1.59,
        "Unidade_Info": "3 x0.2 L | 2,65 €/L",
        "Categorias_GTM": "Bebidas, Sumos e Néctares, Categoria Referência SFCC",
        "Data_Coleta": "2025-06-01 02:11:00"
    },
    {
        "ID_Produto": "971635",
        "Categoria_Scraping": "bebidas",
        "Nome": "Néctar Vital EQ Manga e Laranja",
        "Marca": "Compal Vital Equilíbrio",
        "Preco": 0.67,
        "Unidade_Info": "0.3 L | 2,23 €/L",
        "Categorias_GTM": "Bebidas, Sumos e Néctares, Promoções, Poupe Esta Semana, Categoria Referência SFCC",
        "Data_Coleta": "2025-06-01 02:11:00"
    },
    {
        "ID_Produto": "120945",
        "Categoria_Scraping": "bebidas",
        "Nome": "Poncha da Madeira Poiso",
        "Marca": "J. Faria",
        "Preco": 10.69,
        "Unidade_Info": "0.7 L | 15,27 €/L",
        "Categorias_GTM": "Bebidas, Moscatel e outros Vinhos, Categoria Referência SFCC",
        "Data_Coleta": "2025-06-01 02:11:00"
    },
    {
        "ID_Produto": "636330",
        "Categoria_Scraping": "bebidas",
        "Nome": "Refresco em Pó Laranja",
        "Marca": "Tang",
        "Preco": 1.09,
        "Unidade_Info": "0.03 Kg | 36,33 €/Kg",
        "Categorias_GTM": "Categoria Referência SFCC, Bebidas, Sumos e Néctares",
        "Data_Coleta": "2025-06-01 02:11:00"
    },
    {
        "ID_Produto": "636307",
        "Categoria_Scraping": "bebidas",
        "Nome": "Refresco em Pó Morango",
        "Marca": "Tang",
        "Preco": 1.09,
        "Unidade_Info": "0.03 Kg | 36,33 €/Kg",
        "Categorias_GTM": "Categoria Referência SFCC, Bebidas, Sumos e Néctares",
        "Data_Coleta": "2025-06-01 02:11:00"
    },
    {
        "ID_Produto": "990606",
        "Categoria_Scraping": "bebidas",
        "Nome": "Refrigerante com Gás Ananás",
        "Marca": "Sumol",
        "Preco": 1.75,
        "Unidade_Info": "1.5 L | 1,17 €/L",
        "Categorias_GTM": "Bebidas, Refrigerantes, Refrigerantes sem Gás, Categoria Referência SFCC",
        "Data_Coleta": "2025-06-01 02:11:00"
    },
    {
        "ID_Produto": "981231",
        "Categoria_Scraping": "bebidas",
        "Nome": "Refrigerante com Gás Ananás",
        "Marca": "Sumol",
        "Preco": 0.99,
        "Unidade_Info": "1 L | 0,99 €/L",
        "Categorias_GTM": "Bebidas, Refrigerantes com Gás, Refrigerantes, Poupe Esta Semana, Promoções",
        "Data_Coleta": "2025-06-01 02:11:00"
    },
    {
        "ID_Produto": "61036",
        "Categoria_Scraping": "bebidas",
        "Nome": "Refrigerante com Gás Ananás Lata Pack 6",
        "Marca": "Sumol",
        "Preco": 3.98,
        "Unidade_Info": "6 x0.33 L | 2,01 €/L",
        "Categorias_GTM": "Promoções, Poupe Esta Semana, Categoria Referência SFCC, Bebidas, Refrigerantes com Gás",
        "Data_Coleta": "2025-06-01 02:11:00"
    },
    {
        "ID_Produto": "990600",
        "Categoria_Scraping": "bebidas",
        "Nome": "Refrigerante com Gás Ananás Zero",
        "Marca": "Sumol",
        "Preco": 1.75,
        "Unidade_Info": "1.5 L | 1,17 €/L",
        "Categorias_GTM": "Bebidas, Refrigerantes com Gás, Refrigerantes, Categoria Referência SFCC",
        "Data_Coleta": "2025-06-01 02:11:00"
    },
    {
        "ID_Produto": "974183",
        "Categoria_Scraping": "bebidas",
        "Nome": "Refrigerante com Gás Citrus Zero",
        "Marca": "Schweppes",
        "Preco": 1.09,
        "Unidade_Info": "1 L | 1,09 €/L",
        "Categorias_GTM": "Bebidas, Refrigerantes com Gás, Refrigerantes, Categoria Referência SFCC, Poupe Esta Semana",
        "Data_Coleta": "2025-06-01 02:11:11"
    },
    {
        "ID_Produto": "926922",
        "Categoria_Scraping": "bebidas",
        "Nome": "Refrigerante com Gás Citrus Zero Lata",
        "Marca": "Schweppes",
        "Preco": 0.66,
        "Unidade_Info": "0.33 L | 2 €/L",
        "Categorias_GTM": "Bebidas, Refrigerantes com Gás, Refrigerantes, Categoria Referência SFCC, Poupe Este Fim De Semana",
        "Data_Coleta": "2025-06-01 02:11:11"
    },
    {
        "ID_Produto": "357809",
        "Categoria_Scraping": "bebidas",
        "Nome": "Refrigerante com Gás Cola",
        "Marca": "Coca-Cola",
        "Preco": 1.1,
        "Unidade_Info": "0.5 L | 2,2 €/L",
        "Categorias_GTM": "Bebidas, Refrigerantes com Gás, Refrigerantes, Categoria Referência SFCC",
        "Data_Coleta": "2025-06-01 02:11:11"
    },
    {
        "ID_Produto": "650198",
        "Categoria_Scraping": "bebidas",
        "Nome": "Refrigerante com Gás Cola",
        "Marca": "Pepsi",
        "Preco": 1.09,
        "Unidade_Info": "1 L | 1,09 €/L",
        "Categorias_GTM": "Promoções, Poupe Esta Semana, Poupe Este Fim De Semana, Categoria Referência SFCC, Bebidas",
        "Data_Coleta": "2025-06-01 02:11:11"
    },
    {
        "ID_Produto": "61003",
        "Categoria_Scraping": "bebidas",
        "Nome": "Refrigerante com Gás Cola Lata Pack 6",
        "Marca": "Pepsi",
        "Preco": 3.89,
        "Unidade_Info": "6 x0.33 L | 1,96 €/L",
        "Categorias_GTM": "Poupe Esta Semana, Promoções, Poupe Este Fim De Semana, Categoria Referência SFCC, Bebidas",
        "Data_Coleta": "2025-06-01 02:11:11"
    },
    {
        "ID_Produto": "923693",
        "Categoria_Scraping": "bebidas",
        "Nome": "Refrigerante com Gás Cola Lima Zero",
        "Marca": "Pepsi",
        "Preco": 0.99,
        "Unidade_Info": "1 L | 0,99 €/L",
        "Categorias_GTM": "Promoções, Poupe Esta Semana, Categoria Referência SFCC, Bebidas, Refrigerantes com Gás",
        "Data_Coleta": "2025-06-01 02:11:11"
    },
    {
        "ID_Produto": "923675",
        "Categoria_Scraping": "bebidas",
        "Nome": "Refrigerante com Gás Cola Zero",
        "Marca": "Pepsi",
        "Preco": 0.99,
        "Unidade_Info": "1 L | 0,99 €/L",
        "Categorias_GTM": "Poupe Esta Semana, Promoções, Categoria Referência SFCC, Bebidas, Refrigerantes com Gás",
        "Data_Coleta": "2025-06-01 02:11:11"
    },
    {
        "ID_Produto": "988144",
        "Categoria_Scraping": "bebidas",
        "Nome": "Refrigerante com Gás Cola Zero",
        "Marca": "Coca-Cola",
        "Preco": 1.35,
        "Unidade_Info": "1 L | 1,35 €/L",
        "Categorias_GTM": "Bebidas, Refrigerantes com Gás, Refrigerantes, Categoria Referência SFCC",
        "Data_Coleta": "2025-06-01 02:11:11"
    },
    {
        "ID_Produto": "972929",
        "Categoria_Scraping": "bebidas",
        "Nome": "Refrigerante com Gás Cola Zero",
        "Marca": "Coca-Cola",
        "Preco": 1.1,
        "Unidade_Info": "0.5 L | 2,2 €/L",
        "Categorias_GTM": "Bebidas, Refrigerantes com Gás, Refrigerantes, Categoria Referência SFCC",
        "Data_Coleta": "2025-06-01 02:11:11"
    },
    {
        "ID_Produto": "754742",
        "Categoria_Scraping": "bebidas",
        "Nome": "Refrigerante com Gás Cola Zero Açúcar Zero Cafeína Mini Lata Pack 12",
        "Marca": "Coca-Cola",
        "Preco": 7.2,
        "Unidade_Info": "12 x0.15 L | 4 €/L",
        "Categorias_GTM": "Categoria Referência SFCC, Bebidas, Refrigerantes com Gás, Refrigerantes",
        "Data_Coleta": "2025-06-01 02:11:11"
    },
    {
        "ID_Produto": "774432",
        "Categoria_Scraping": "bebidas",
        "Nome": "Refrigerante com Gás Cola Zero Lata Pack 6",
        "Marca": "Pepsi",
        "Preco": 3.69,
        "Unidade_Info": "6 x0.33 L | 1,86 €/L",
        "Categorias_GTM": "Poupe Esta Semana, Categoria Referência SFCC, Poupe Este Fim De Semana, Bebidas, Refrigerantes com Gás",
        "Data_Coleta": "2025-06-01 02:11:11"
    },
    {
        "ID_Produto": "960755",
        "Categoria_Scraping": "bebidas",
        "Nome": "Refrigerante com Gás Cola Zero Lima",
        "Marca": "Coca-Cola",
        "Preco": 1.35,
        "Unidade_Info": "1 L | 1,35 €/L",
        "Categorias_GTM": "Bebidas, Refrigerantes com Gás, Refrigerantes, Categoria Referência SFCC",
        "Data_Coleta": "2025-06-01 02:11:11"
    },
    {
        "ID_Produto": "396678",
        "Categoria_Scraping": "bebidas",
        "Nome": "Refrigerante com Gás Guaraná",
        "Marca": "Guaraná Brasil",
        "Preco": 1.49,
        "Unidade_Info": "1.5 L | 0,99 €/L",
        "Categorias_GTM": "Bebidas, Refrigerantes com Gás, Refrigerantes, Poupe Esta Semana, Promoções",
        "Data_Coleta": "2025-06-01 02:11:22"
    },
    {
        "ID_Produto": "344220",
        "Categoria_Scraping": "bebidas",
        "Nome": "Refrigerante com Gás Guaraná Lata Pack 6",
        "Marca": "Antarctica",
        "Preco": 3.99,
        "Unidade_Info": "6 x0.33 L | 2,02 €/L",
        "Categorias_GTM": "Bebidas, Refrigerantes com Gás, Refrigerantes, Categoria Referência SFCC, Poupe Este Fim De Semana",
        "Data_Coleta": "2025-06-01 02:11:22"
    },
    {
        "ID_Produto": "923657",
        "Categoria_Scraping": "bebidas",
        "Nome": "Refrigerante com Gás Guaraná Zero",
        "Marca": "Fanta",
        "Preco": 0.99,
        "Unidade_Info": "1.5 L | 0,66 €/L",
        "Categorias_GTM": "Categoria Referência SFCC, Bebidas, Refrigerantes com Gás, Refrigerantes, Poupe Este Fim De Semana",
        "Data_Coleta": "2025-06-01 02:11:22"
    },
    {
        "ID_Produto": "965318",
        "Categoria_Scraping": "bebidas",
        "Nome": "Refrigerante com Gás Guaraná Zero",
        "Marca": "Antarctica",
        "Preco": 1.24,
        "Unidade_Info": "1 L | 1,24 €/L",
        "Categorias_GTM": "Bebidas, Refrigerantes com Gás, Refrigerantes, Categoria Referência SFCC, Poupe Esta Semana",
        "Data_Coleta": "2025-06-01 02:11:22"
    },
    {
        "ID_Produto": "981212",
        "Categoria_Scraping": "bebidas",
        "Nome": "Refrigerante com Gás Laranja",
        "Marca": "Sumol",
        "Preco": 0.99,
        "Unidade_Info": "1 L | 0,99 €/L",
        "Categorias_GTM": "Refrigerantes com Gás, Refrigerantes, Bebidas, Poupe Esta Semana, Promoções",
        "Data_Coleta": "2025-06-01 02:11:22"
    },
    {
        "ID_Produto": "922434",
        "Categoria_Scraping": "bebidas",
        "Nome": "Refrigerante com Gás Laranja",
        "Marca": "Fanta",
        "Preco": 0.99,
        "Unidade_Info": "1.5 L | 0,66 €/L",
        "Categorias_GTM": "Categoria Referência SFCC, Bebidas, Refrigerantes com Gás, Refrigerantes, Poupe Esta Semana",
        "Data_Coleta": "2025-06-01 02:11:22"
    },
    {
        "ID_Produto": "990607",
        "Categoria_Scraping": "bebidas",
        "Nome": "Refrigerante com Gás Laranja",
        "Marca": "Sumol",
        "Preco": 1.75,
        "Unidade_Info": "1.5 L | 1,17 €/L",
        "Categorias_GTM": "Bebidas, Refrigerantes com Gás, Refrigerantes, Categoria Referência SFCC",
        "Data_Coleta": "2025-06-01 02:11:22"
    },
    {
        "ID_Produto": "61037",
        "Categoria_Scraping": "bebidas",
        "Nome": "Refrigerante com Gás Laranja Lata Pack 6",
        "Marca": "Sumol",
        "Preco": 3.98,
        "Unidade_Info": "6 x0.33 L | 2,01 €/L",
        "Categorias_GTM": "Categoria Referência SFCC, Bebidas, Refrigerantes com Gás, Refrigerantes, Poupe Esta Semana",
        "Data_Coleta": "2025-06-01 02:11:22"
    },
    {
        "ID_Produto": "720918",
        "Categoria_Scraping": "bebidas",
        "Nome": "Refrigerante com Gás Laranja Lata Pack 6",
        "Marca": "Fanta",
        "Preco": 4.49,
        "Unidade_Info": "6 x0.33 L | 2,27 €/L",
        "Categorias_GTM": "Categoria Referência SFCC, Bebidas, Refrigerantes com Gás, Refrigerantes",
        "Data_Coleta": "2025-06-01 02:11:22"
    },
    {
        "ID_Produto": "928257",
        "Categoria_Scraping": "bebidas",
        "Nome": "Refrigerante com Gás Laranjas do Algarve",
        "Marca": "Sumol",
        "Preco": 1.75,
        "Unidade_Info": "1.5 L | 1,17 €/L",
        "Categorias_GTM": "Bebidas, Refrigerantes com Gás, Refrigerantes, Categoria Referência SFCC",
        "Data_Coleta": "2025-06-01 02:11:22"
    },
    {
        "ID_Produto": "515308",
        "Categoria_Scraping": "bebidas",
        "Nome": "Refrigerante com Gás Laranja sem Açúcar Lata",
        "Marca": "Sumol",
        "Preco": 1.75,
        "Unidade_Info": "1.5 L | 1,17 €/L",
        "Categorias_GTM": "Bebidas, Refrigerantes com Gás, Refrigerantes, Categoria Referência SFCC",
        "Data_Coleta": "2025-06-01 02:11:22"
    },
    {
        "ID_Produto": "981232",
        "Categoria_Scraping": "bebidas",
        "Nome": "Refrigerante com Gás Lima Limão",
        "Marca": "Seven Up",
        "Preco": 1.39,
        "Unidade_Info": "1 L | 1,39 €/L",
        "Categorias_GTM": "Refrigerantes com Gás, Refrigerantes, Bebidas, Categoria Referência SFCC",
        "Data_Coleta": "2025-06-01 02:11:22"
    },
    {
        "ID_Produto": "946170",
        "Categoria_Scraping": "infantil",
        "Nome": "Fraldas Bebé Extra Care & Dry +17kg T6",
        "Marca": "Cuida Bebé",
        "Preco": 9.99,
        "Unidade_Info": "56 Un | 0,18 €/Un",
        "Categorias_GTM": "Fraldas, Infantil, As Nossas Marcas, Cuida Bebé, Categoria Referência SFCC",
        "Data_Coleta": "2025-06-01 02:11:44"
    },
    {
        "ID_Produto": "948427",
        "Categoria_Scraping": "infantil",
        "Nome": "Fraldas Bebé Extra Care & Dry 13-18kg T5",
        "Marca": "Cuida Bebé",
        "Preco": 9.99,
        "Unidade_Info": "62 Un | 0,16 €/Un",
        "Categorias_GTM": "Fraldas, Infantil, Categoria Referência SFCC, Poupe Esta Semana, Promoções",
        "Data_Coleta": "2025-06-01 02:11:44"
    },
    {
        "ID_Produto": "935287",
        "Categoria_Scraping": "infantil",
        "Nome": "Fraldas Care & Dry +17kg T6",
        "Marca": "Cuida Bebé",
        "Preco": 5.69,
        "Unidade_Info": "30 Un | 0,19 €/Un",
        "Categorias_GTM": "Categoria Referência SFCC, As Nossas Marcas, Cuida Bebé, Fraldas, Infantil",
        "Data_Coleta": "2025-06-01 02:11:44"
    },
    {
        "ID_Produto": "935289",
        "Categoria_Scraping": "infantil",
        "Nome": "Fraldas Cueca Extra Care & Dry 16-22kg T6",
        "Marca": "Cuida Bebé",
        "Preco": 5.49,
        "Unidade_Info": "21 Un | 0,26 €/Un",
        "Categorias_GTM": "As Nossas Marcas, Cuida Bebé, Categoria Referência SFCC, Fraldas, Infantil",
        "Data_Coleta": "2025-06-01 02:11:44"
    },
    {
        "ID_Produto": "900849",
        "Categoria_Scraping": "infantil",
        "Nome": "Bolsa de Fruta Banana e Morango",
        "Marca": "Pingo Doce",
        "Preco": 0.67,
        "Unidade_Info": "0.09 Kg | 7,44 €/Kg",
        "Categorias_GTM": "Alimentação, Purés de Fruta e Sobremesas, Infantil, As Nossas Marcas, Pingo Doce",
        "Data_Coleta": "2025-06-01 02:11:44"
    },
    {
        "ID_Produto": "900848",
        "Categoria_Scraping": "infantil",
        "Nome": "Bolsa de Fruta Maçã e Banana",
        "Marca": "Pingo Doce",
        "Preco": 0.67,
        "Unidade_Info": "0.09 Kg | 7,44 €/Kg",
        "Categorias_GTM": "Alimentação, Purés de Fruta e Sobremesas, Infantil, As Nossas Marcas, Pingo Doce",
        "Data_Coleta": "2025-06-01 02:11:44"
    },
    {
        "ID_Produto": "933178",
        "Categoria_Scraping": "infantil",
        "Nome": "Fraldas Activity Extra +14kg T6+",
        "Marca": "Dodot",
        "Preco": 14.99,
        "Unidade_Info": "44 Un | 0,34 €/Un",
        "Categorias_GTM": "Poupe Esta Semana, Promoções, Categoria Referência SFCC, Fraldas, Infantil",
        "Data_Coleta": "2025-06-01 02:11:44"
    },
    {
        "ID_Produto": "984790",
        "Categoria_Scraping": "infantil",
        "Nome": "Fraldas Bebé Rascals & Friends 13-18kg T5",
        "Marca": "Rascal & Friends",
        "Preco": 5.99,
        "Unidade_Info": "26 Un | 0,23 €/Un",
        "Categorias_GTM": "Fraldas, Infantil, Categoria Referência SFCC, Poupe Esta Semana, Promoções",
        "Data_Coleta": "2025-06-01 02:11:44"
    },
    {
        "ID_Produto": "942474",
        "Categoria_Scraping": "infantil",
        "Nome": "Fraldas Bebé Seco Extra 12-17kg T5+",
        "Marca": "Dodot",
        "Preco": 13.49,
        "Unidade_Info": "56 Un | 0,24 €/Un",
        "Categorias_GTM": "Promoções, Fraldas, Infantil, Categoria Referência SFCC, Poupe Esta Semana",
        "Data_Coleta": "2025-06-01 02:11:44"
    },
    {
        "ID_Produto": "942462",
        "Categoria_Scraping": "infantil",
        "Nome": "Nestum Mel Flocos Cereais",
        "Marca": "Nestum",
        "Preco": 3.79,
        "Unidade_Info": "0.6 Kg | 6,32 €/Kg",
        "Categorias_GTM": "Alimentação, Infantil, Papas, Categoria Referência SFCC, Poupe Este Fim De Semana",
        "Data_Coleta": "2025-06-01 02:11:44"
    },
    {
        "ID_Produto": "949743",
        "Categoria_Scraping": "infantil",
        "Nome": "Papa Infantil Farinha Láctea +6 Meses",
        "Marca": "Cerelac",
        "Preco": 6.29,
        "Unidade_Info": "0.9 Kg | 6,99 €/Kg",
        "Categorias_GTM": "Alimentação, Infantil, Papas, Categoria Referência SFCC, Poupe Este Fim De Semana",
        "Data_Coleta": "2025-06-01 02:11:44"
    },
    {
        "ID_Produto": "949753",
        "Categoria_Scraping": "infantil",
        "Nome": "Papa Infantil Farinha Láctea -40% Açúcares +6 Meses",
        "Marca": "Cerelac",
        "Preco": 5.97,
        "Unidade_Info": "0.9 Kg | 6,63 €/Kg",
        "Categorias_GTM": "Alimentação, Infantil, Papas, Categoria Referência SFCC, Poupe Este Fim De Semana",
        "Data_Coleta": "2025-06-01 02:11:44"
    },
    {
        "ID_Produto": "805785",
        "Categoria_Scraping": "infantil",
        "Nome": "Toalhitas Bebé",
        "Marca": "Cuida Bebé",
        "Preco": 3.49,
        "Unidade_Info": "288 Un | 0,01 €/Un",
        "Categorias_GTM": "Poupe Esta Semana, Promoções, Categoria Referência SFCC, As Nossas Marcas, Cuida Bebé",
        "Data_Coleta": "2025-06-01 02:11:59"
    },
    {
        "ID_Produto": "900858",
        "Categoria_Scraping": "infantil",
        "Nome": "Bolsa de Fruta Maçã, Banana e Laranja com Bolacha",
        "Marca": "Pingo Doce",
        "Preco": 0.67,
        "Unidade_Info": "0.09 Kg | 7,44 €/Kg",
        "Categorias_GTM": "As Nossas Marcas, Pingo Doce, Alimentação, Purés de Fruta e Sobremesas, Infantil",
        "Data_Coleta": "2025-06-01 02:11:59"
    },
    {
        "ID_Produto": "900853",
        "Categoria_Scraping": "infantil",
        "Nome": "Bolsa de Fruta Manga e Pêssego",
        "Marca": "Pingo Doce",
        "Preco": 0.67,
        "Unidade_Info": "0.09 Kg | 7,44 €/Kg",
        "Categorias_GTM": "Alimentação, Purés de Fruta e Sobremesas, Infantil, As Nossas Marcas, Pingo Doce",
        "Data_Coleta": "2025-06-01 02:11:59"
    },
    {
        "ID_Produto": "975728",
        "Categoria_Scraping": "infantil",
        "Nome": "Bolsa Pêra e Maçã",
        "Marca": "Pingo Doce",
        "Preco": 0.67,
        "Unidade_Info": "0.09 Kg | 7,44 €/Kg",
        "Categorias_GTM": "Alimentação, Purés de Fruta e Sobremesas, Infantil, As Nossas Marcas, Pingo Doce",
        "Data_Coleta": "2025-06-01 02:11:59"
    },
    {
        "ID_Produto": "643458",
        "Categoria_Scraping": "infantil",
        "Nome": "Farinha Láctea",
        "Marca": "Pingo Doce",
        "Preco": 5.29,
        "Unidade_Info": "1 Kg | 5,29 €/Kg",
        "Categorias_GTM": "Categoria Referência SFCC, Alimentação, Infantil, Papas, As Nossas Marcas",
        "Data_Coleta": "2025-06-01 02:11:59"
    },
    {
        "ID_Produto": "627288",
        "Categoria_Scraping": "infantil",
        "Nome": "Flocos de Cereais e Mel",
        "Marca": "Pingo Doce",
        "Preco": 3.69,
        "Unidade_Info": "0.75 Kg | 4,92 €/Kg",
        "Categorias_GTM": "Categoria Referência SFCC, Alimentação, Infantil, Papas, As Nossas Marcas",
        "Data_Coleta": "2025-06-01 02:11:59"
    },
    {
        "ID_Produto": "818901",
        "Categoria_Scraping": "infantil",
        "Nome": "Fraldas Activity Extra 10-15kg T4",
        "Marca": "Dodot",
        "Preco": 14.99,
        "Unidade_Info": "52 Un | 0,29 €/Un",
        "Categorias_GTM": "Poupe Esta Semana, Promoções, Fraldas, Infantil, Categoria Referência SFCC",
        "Data_Coleta": "2025-06-01 02:11:59"
    },
    {
        "ID_Produto": "818892",
        "Categoria_Scraping": "infantil",
        "Nome": "Fraldas Activity Extra  12-17kg  T3",
        "Marca": "Dodot",
        "Preco": 14.99,
        "Unidade_Info": "48 Un | 0,31 €/Un",
        "Categorias_GTM": "Poupe Esta Semana, Promoções, Categoria Referência SFCC, Fraldas, Infantil",
        "Data_Coleta": "2025-06-01 02:11:59"
    },
    {
        "ID_Produto": "942446",
        "Categoria_Scraping": "infantil",
        "Nome": "Fraldas Bebé Seco Extra +14kg T6+",
        "Marca": "Dodot",
        "Preco": 13.49,
        "Unidade_Info": "48 Un | 0,28 €/Un",
        "Categorias_GTM": "Fraldas, Infantil, Categoria Referência SFCC, Poupe Esta Semana, Promoções",
        "Data_Coleta": "2025-06-01 02:11:59"
    },
    {
        "ID_Produto": "942473",
        "Categoria_Scraping": "infantil",
        "Nome": "Fraldas Bebé Seco Extra 10-15kg T4+",
        "Marca": "Dodot",
        "Preco": 13.49,
        "Unidade_Info": "62 Un | 0,22 €/Un",
        "Categorias_GTM": "Promoções, Fraldas, Infantil, Categoria Referência SFCC, Poupe Esta Semana",
        "Data_Coleta": "2025-06-01 02:11:59"
    },
    {
        "ID_Produto": "942472",
        "Categoria_Scraping": "infantil",
        "Nome": "Fraldas Bebé Seco Extra 7-11kg T3+",
        "Marca": "Dodot",
        "Preco": 13.49,
        "Unidade_Info": "66 Un | 0,2 €/Un",
        "Categorias_GTM": "Promoções, Fraldas, Infantil, Categoria Referência SFCC, Poupe Esta Semana",
        "Data_Coleta": "2025-06-01 02:11:59"
    },
    {
        "ID_Produto": "908658",
        "Categoria_Scraping": "infantil",
        "Nome": "Fraldas Cueca +13Kg Pants T6",
        "Marca": "Dodot",
        "Preco": 7.94,
        "Unidade_Info": "27 Un | 0,29 €/Un",
        "Categorias_GTM": "Promoções, Fraldas, Infantil, Poupe Esta Semana, Categoria Referência SFCC",
        "Data_Coleta": "2025-06-01 02:11:59"
    },
    {
        "ID_Produto": "984937",
        "Categoria_Scraping": "infantil",
        "Nome": "Fraldas Cueca Pants 16-24kg T6",
        "Marca": "Rascal & Friends",
        "Preco": 5.99,
        "Unidade_Info": "24 Un | 0,25 €/Un",
        "Categorias_GTM": "Fraldas, Infantil, Categoria Referência SFCC, Poupe Esta Semana, Promoções",
        "Data_Coleta": "2025-06-01 02:12:04"
    },
    {
        "ID_Produto": "908657",
        "Categoria_Scraping": "infantil",
        "Nome": "Fraldas Pants 11-16kg T5",
        "Marca": "Dodot",
        "Preco": 7.94,
        "Unidade_Info": "30 Un | 0,26 €/Un",
        "Categorias_GTM": "Fraldas, Infantil, Poupe Esta Semana, Promoções, Categoria Referência SFCC",
        "Data_Coleta": "2025-06-01 02:12:04"
    },
    {
        "ID_Produto": "984875",
        "Categoria_Scraping": "infantil",
        "Nome": "Fraldas Rascal & Friends 4-8kg T2",
        "Marca": "Rascal & Friends",
        "Preco": 5.99,
        "Unidade_Info": "40 Un | 0,15 €/Un",
        "Categorias_GTM": "Fraldas, Infantil, Categoria Referência SFCC, Poupe Esta Semana, Promoções",
        "Data_Coleta": "2025-06-01 02:12:04"
    },
    {
        "ID_Produto": "965912",
        "Categoria_Scraping": "infantil",
        "Nome": "Fraldas Sensitive 4-8kg T2",
        "Marca": "Dodot",
        "Preco": 15.39,
        "Unidade_Info": "80 Un | 0,19 €/Un",
        "Categorias_GTM": "Fraldas, Infantil, Promoções, Poupe Esta Semana, Categoria Referência SFCC",
        "Data_Coleta": "2025-06-01 02:12:04"
    },
    {
        "ID_Produto": "980577",
        "Categoria_Scraping": "infantil",
        "Nome": "Fraldas Sensitive 6-10kg T3",
        "Marca": "Dodot",
        "Preco": 15.39,
        "Unidade_Info": "56 Un | 0,27 €/Un",
        "Categorias_GTM": "Fraldas, Infantil, Promoções, Poupe Esta Semana, Categoria Referência SFCC",
        "Data_Coleta": "2025-06-01 02:12:04"
    },
    {
        "ID_Produto": "980558",
        "Categoria_Scraping": "infantil",
        "Nome": "Fraldas Sensitive 9-14kg T4",
        "Marca": "Dodot",
        "Preco": 16.49,
        "Unidade_Info": "48 Un | 0,34 €/Un",
        "Categorias_GTM": "Promoções, Fraldas, Infantil, Categoria Referência SFCC, Poupe Este Fim De Semana",
        "Data_Coleta": "2025-06-01 02:12:04"
    },
    {
        "ID_Produto": "984634",
        "Categoria_Scraping": "infantil",
        "Nome": "Fraldas Sensitive Extra +14kg T6",
        "Marca": "Dodot",
        "Preco": 16.49,
        "Unidade_Info": "41 Un | 0,4 €/Un",
        "Categorias_GTM": "Infantil, Fraldas, Promoções, Poupe Esta Semana, Categoria Referência SFCC",
        "Data_Coleta": "2025-06-01 02:12:04"
    },
    {
        "ID_Produto": "980575",
        "Categoria_Scraping": "infantil",
        "Nome": "Fraldas Sensitive Extra 12-16kg T5",
        "Marca": "Dodot",
        "Preco": 16.49,
        "Unidade_Info": "44 Un | 0,37 €/Un",
        "Categorias_GTM": "Promoções, Fraldas, Infantil, Poupe Esta Semana, Categoria Referência SFCC",
        "Data_Coleta": "2025-06-01 02:12:04"
    },
    {
        "ID_Produto": "871236",
        "Categoria_Scraping": "infantil",
        "Nome": "Leite Achocolatado sem Lactose Pack 4",
        "Marca": "Mimosa",
        "Preco": 1.99,
        "Unidade_Info": "4 x0.2 L | 2,49 €/L",
        "Categorias_GTM": "Alimentação, Infantil, Leites Infantis, Categoria Referência SFCC, Poupe Este Fim De Semana",
        "Data_Coleta": "2025-06-01 02:12:04"
    },
    {
        "ID_Produto": "272437",
        "Categoria_Scraping": "infantil",
        "Nome": "Leite Infantil Crescimento 1 a 3 anos",
        "Marca": "Mimosa",
        "Preco": 1.79,
        "Unidade_Info": "1 L | 1,79 €/L",
        "Categorias_GTM": "Alimentação, Infantil, Leites Infantis, Categoria Referência SFCC, Promoções",
        "Data_Coleta": "2025-06-01 02:12:04"
    },
    {
        "ID_Produto": "813087",
        "Categoria_Scraping": "infantil",
        "Nome": "Papa Infantil Não Láctea Trigo",
        "Marca": "Pingo Doce",
        "Preco": 3.69,
        "Unidade_Info": "0.75 Kg | 4,92 €/Kg",
        "Categorias_GTM": "As Nossas Marcas, Pingo Doce, Categoria Referência SFCC, Alimentação, Infantil",
        "Data_Coleta": "2025-06-01 02:12:04"
    },
    {
        "ID_Produto": "949754",
        "Categoria_Scraping": "infantil",
        "Nome": "Papa Não Láctea Trigo",
        "Marca": "Cerelac",
        "Preco": 4.29,
        "Unidade_Info": "0.6 Kg | 7,15 €/Kg",
        "Categorias_GTM": "Categoria Referência SFCC, Alimentação, Infantil, Papas, Poupe Este Fim De Semana",
        "Data_Coleta": "2025-06-01 02:12:04"
    },
    {
        "ID_Produto": "979619",
        "Categoria_Scraping": "infantil",
        "Nome": "Resguardo Bebé 60x60cm",
        "Marca": "Cuida Bebé",
        "Preco": 4.99,
        "Unidade_Info": "20 Un | 0,25 €/Un",
        "Categorias_GTM": "As Nossas Marcas, Cuida Bebé, Fraldas, Infantil, Poupe Esta Semana",
        "Data_Coleta": "2025-06-01 02:12:10"
    },
    {
        "ID_Produto": "925160",
        "Categoria_Scraping": "infantil",
        "Nome": "Toalhitas 99% Água e Biodegradáveis",
        "Marca": "Cuida Bebé",
        "Preco": 1.47,
        "Unidade_Info": "64 Un | 0,02 €/Un",
        "Categorias_GTM": "As Nossas Marcas, Cuida Bebé, Categoria Referência SFCC, Infantil, Toalhitas",
        "Data_Coleta": "2025-06-01 02:12:10"
    },
    {
        "ID_Produto": "839262",
        "Categoria_Scraping": "infantil",
        "Nome": "Toalhitas Azul",
        "Marca": "Dodot",
        "Preco": 5.79,
        "Unidade_Info": "384 Un | 0,02 €/Un",
        "Categorias_GTM": "Poupe Esta Semana, Promoções, Infantil, Toalhitas, Categoria Referência SFCC",
        "Data_Coleta": "2025-06-01 02:12:10"
    },
    {
        "ID_Produto": "969509",
        "Categoria_Scraping": "infantil",
        "Nome": "Toalhitas Bebé 99% Água e Biodegradáveis",
        "Marca": "Cuida Bebé",
        "Preco": 3.49,
        "Unidade_Info": "192 Un | 0,02 €/Un",
        "Categorias_GTM": "As Nossas Marcas, Cuida Bebé, Poupe Esta Semana, Promoções, Infantil",
        "Data_Coleta": "2025-06-01 02:12:10"
    },
    {
        "ID_Produto": "955170",
        "Categoria_Scraping": "infantil",
        "Nome": "Toalhitas Bebé Aqua Pure",
        "Marca": "Dodot",
        "Preco": 4.79,
        "Unidade_Info": "144 Un | 0,03 €/Un",
        "Categorias_GTM": "Categoria Referência SFCC, Poupe Esta Semana, Promoções, Infantil, Toalhitas",
        "Data_Coleta": "2025-06-01 02:12:10"
    },
    {
        "ID_Produto": "964375",
        "Categoria_Scraping": "infantil",
        "Nome": "Toalhitas Higiénicas WC Infantis",
        "Marca": "Pingo Doce",
        "Preco": 1.59,
        "Unidade_Info": "96 Un | 0,02 €/Un",
        "Categorias_GTM": "Infantil, Toalhitas, As Nossas Marcas, Pingo Doce, Categoria Referência SFCC",
        "Data_Coleta": "2025-06-01 02:12:10"
    },
    {
        "ID_Produto": "884837",
        "Categoria_Scraping": "infantil",
        "Nome": "Alimento Lácteo Banana +6 Meses",
        "Marca": "Yogolino",
        "Preco": 1.99,
        "Unidade_Info": "0.4 Kg | 4,97 €/Kg",
        "Categorias_GTM": "Alimentação, Purés de Fruta e Sobremesas, Infantil, Categoria Referência SFCC, Poupe Esta Semana",
        "Data_Coleta": "2025-06-01 02:12:10"
    },
    {
        "ID_Produto": "884839",
        "Categoria_Scraping": "infantil",
        "Nome": "Alimento Lácteo Morango +6 Meses",
        "Marca": "Yogolino",
        "Preco": 1.99,
        "Unidade_Info": "0.4 Kg | 4,97 €/Kg",
        "Categorias_GTM": "Alimentação, Purés de Fruta e Sobremesas, Infantil, Poupe Esta Semana, Promoções",
        "Data_Coleta": "2025-06-01 02:12:10"
    },
    {
        "ID_Produto": "879339",
        "Categoria_Scraping": "infantil",
        "Nome": "Bolachinhas Baby Biscuit +6 meses",
        "Marca": "Blédina",
        "Preco": 1.98,
        "Unidade_Info": "0.125 Kg | 15,84 €/Kg",
        "Categorias_GTM": "Alimentação, Infantil, Snacks e Bolachas, Categoria Referência SFCC, Poupe Esta Semana",
        "Data_Coleta": "2025-06-01 02:12:10"
    },
    {
        "ID_Produto": "943625",
        "Categoria_Scraping": "infantil",
        "Nome": "Bolsa 3 Frutas",
        "Marca": "Hero Baby",
        "Preco": 0.74,
        "Unidade_Info": "0.1 Kg | 7,4 €/Kg",
        "Categorias_GTM": "Alimentação, Purés de Fruta e Sobremesas, Infantil, Categoria Referência SFCC, Poupe Esta Semana",
        "Data_Coleta": "2025-06-01 02:12:10"
    },
    {
        "ID_Produto": "828835",
        "Categoria_Scraping": "infantil",
        "Nome": "Bolsa Banana Laranja e Bolacha",
        "Marca": "Nestlé",
        "Preco": 0.65,
        "Unidade_Info": "0.09 Kg | 7,22 €/Kg",
        "Categorias_GTM": "Poupe Esta Semana, Promoções, Categoria Referência SFCC, Alimentação, Purés de Fruta e Sobremesas",
        "Data_Coleta": "2025-06-01 02:12:10"
    },
    {
        "ID_Produto": "935107",
        "Categoria_Scraping": "infantil",
        "Nome": "Bolsa de Fruta Banana e Morango +8 Meses",
        "Marca": "Blédina",
        "Preco": 0.69,
        "Unidade_Info": "0.085 Kg | 8,12 €/Kg",
        "Categorias_GTM": "Alimentação, Purés de Fruta e Sobremesas, Infantil, Poupe Esta Semana, Promoções",
        "Data_Coleta": "2025-06-01 02:12:10"
    },
    {
        "ID_Produto": "900857",
        "Categoria_Scraping": "infantil",
        "Nome": "Bolsa de Fruta e Cereais sem Glúten",
        "Marca": "Pingo Doce",
        "Preco": 0.67,
        "Unidade_Info": "0.09 Kg | 7,44 €/Kg",
        "Categorias_GTM": "Alimentação, Purés de Fruta e Sobremesas, Infantil, Pingo Doce, As Nossas Marcas",
        "Data_Coleta": "2025-06-01 02:12:15"
    },
    {
        "ID_Produto": "935111",
        "Categoria_Scraping": "infantil",
        "Nome": "Bolsa de Fruta Frutos Variados +6 Meses",
        "Marca": "Blédina",
        "Preco": 0.69,
        "Unidade_Info": "0.085 Kg | 8,12 €/Kg",
        "Categorias_GTM": "Alimentação, Purés de Fruta e Sobremesas, Infantil, Categoria Referência SFCC, Poupe Esta Semana",
        "Data_Coleta": "2025-06-01 02:12:15"
    },
    {
        "ID_Produto": "900860",
        "Categoria_Scraping": "infantil",
        "Nome": "Bolsa de Fruta Maçã, Manga e Cenoura",
        "Marca": "Pingo Doce",
        "Preco": 0.67,
        "Unidade_Info": "0.09 Kg | 7,44 €/Kg",
        "Categorias_GTM": "Alimentação, Purés de Fruta e Sobremesas, Infantil, As Nossas Marcas, Pingo Doce",
        "Data_Coleta": "2025-06-01 02:12:15"
    },
    {
        "ID_Produto": "937981",
        "Categoria_Scraping": "infantil",
        "Nome": "Bolsa de Fruta Maçã, Manga e Laranja +6 Meses",
        "Marca": "Blédina",
        "Preco": 0.69,
        "Unidade_Info": "0.085 Kg | 8,12 €/Kg",
        "Categorias_GTM": "Categoria Referência SFCC, Alimentação, Purés de Fruta e Sobremesas, Infantil, Poupe Esta Semana",
        "Data_Coleta": "2025-06-01 02:12:15"
    },
    {
        "ID_Produto": "935076",
        "Categoria_Scraping": "infantil",
        "Nome": "Bolsa de Fruta Maçã e Banana +6 Meses",
        "Marca": "Blédina",
        "Preco": 0.69,
        "Unidade_Info": "0.085 Kg | 8,12 €/Kg",
        "Categorias_GTM": "Alimentação, Purés de Fruta e Sobremesas, Infantil, Poupe Esta Semana, Promoções",
        "Data_Coleta": "2025-06-01 02:12:15"
    },
    {
        "ID_Produto": "935077",
        "Categoria_Scraping": "infantil",
        "Nome": "Bolsa de Fruta Maçã e Pera +6 Meses",
        "Marca": "Blédina",
        "Preco": 0.69,
        "Unidade_Info": "0.085 Kg | 8,12 €/Kg",
        "Categorias_GTM": "Alimentação, Purés de Fruta e Sobremesas, Infantil, Categoria Referência SFCC, Poupe Esta Semana",
        "Data_Coleta": "2025-06-01 02:12:15"
    },
    {
        "ID_Produto": "900854",
        "Categoria_Scraping": "infantil",
        "Nome": "Bolsa de Fruta Morango e Pêssego",
        "Marca": "Pingo Doce",
        "Preco": 0.67,
        "Unidade_Info": "0.09 Kg | 7,44 €/Kg",
        "Categorias_GTM": "As Nossas Marcas, Pingo Doce, Alimentação, Purés de Fruta e Sobremesas, Infantil",
        "Data_Coleta": "2025-06-01 02:12:15"
    },
    {
        "ID_Produto": "900864",
        "Categoria_Scraping": "infantil",
        "Nome": "Bolsa de Iogurte, Morango e Banana",
        "Marca": "Pingo Doce",
        "Preco": 0.67,
        "Unidade_Info": "0.09 Kg | 7,44 €/Kg",
        "Categorias_GTM": "Alimentação, Purés de Fruta e Sobremesas, Infantil, Poupe Esta Semana, Promoções",
        "Data_Coleta": "2025-06-01 02:12:15"
    },
    {
        "ID_Produto": "900859",
        "Categoria_Scraping": "infantil",
        "Nome": "Bolsa de Multifrutos com Aveia",
        "Marca": "Pingo Doce",
        "Preco": 0.67,
        "Unidade_Info": "0.09 Kg | 7,44 €/Kg",
        "Categorias_GTM": "Alimentação, Purés de Fruta e Sobremesas, Infantil, As Nossas Marcas, Pingo Doce",
        "Data_Coleta": "2025-06-01 02:12:15"
    },
    {
        "ID_Produto": "977079",
        "Categoria_Scraping": "infantil",
        "Nome": "Bolsa Maçã",
        "Marca": "Pingo Doce",
        "Preco": 0.67,
        "Unidade_Info": "0.09 Kg | 7,44 €/Kg",
        "Categorias_GTM": "As Nossas Marcas, Pingo Doce, Alimentação, Purés de Fruta e Sobremesas, Infantil",
        "Data_Coleta": "2025-06-01 02:12:15"
    },
    {
        "ID_Produto": "971608",
        "Categoria_Scraping": "infantil",
        "Nome": "Bolsa Maçã Banana e Laranja",
        "Marca": "Pingo Doce",
        "Preco": 0.67,
        "Unidade_Info": "0.09 Kg | 7,44 €/Kg",
        "Categorias_GTM": "Alimentação, Purés de Fruta e Sobremesas, Infantil, As Nossas Marcas, Pingo Doce",
        "Data_Coleta": "2025-06-01 02:12:15"
    },
    {
        "ID_Produto": "971587",
        "Categoria_Scraping": "infantil",
        "Nome": "Bolsa Multifrutos",
        "Marca": "Pingo Doce",
        "Preco": 0.67,
        "Unidade_Info": "0.09 Kg | 7,44 €/Kg",
        "Categorias_GTM": "Alimentação, Purés de Fruta e Sobremesas, Infantil, As Nossas Marcas, Pingo Doce",
        "Data_Coleta": "2025-06-01 02:12:15"
    },
    {
        "ID_Produto": "976792",
        "Categoria_Scraping": "infantil",
        "Nome": "Bolsa Pêra",
        "Marca": "Pingo Doce",
        "Preco": 0.67,
        "Unidade_Info": "0.09 Kg | 7,44 €/Kg",
        "Categorias_GTM": "As Nossas Marcas, Pingo Doce, Alimentação, Purés de Fruta e Sobremesas, Infantil",
        "Data_Coleta": "2025-06-01 02:12:21"
    },
    {
        "ID_Produto": "762941",
        "Categoria_Scraping": "infantil",
        "Nome": "Bolsa Puré de Fruta 4 Frutas +4 Meses",
        "Marca": "Nestlé",
        "Preco": 0.65,
        "Unidade_Info": "0.09 Kg | 7,22 €/Kg",
        "Categorias_GTM": "Alimentação, Purés de Fruta e Sobremesas, Infantil, Categoria Referência SFCC, Poupe Este Fim De Semana",
        "Data_Coleta": "2025-06-01 02:12:21"
    },
    {
        "ID_Produto": "762940",
        "Categoria_Scraping": "infantil",
        "Nome": "Bolsa Puré de Fruta Banana e Maçã + 4 Meses",
        "Marca": "Nestlé",
        "Preco": 0.65,
        "Unidade_Info": "0.09 Kg | 7,22 €/Kg",
        "Categorias_GTM": "Alimentação, Purés de Fruta e Sobremesas, Infantil, Categoria Referência SFCC, Poupe Esta Semana",
        "Data_Coleta": "2025-06-01 02:12:21"
    },
    {
        "ID_Produto": "928489",
        "Categoria_Scraping": "infantil",
        "Nome": "Bolsa Puré de Fruta Frutos Variados +6 Meses",
        "Marca": "Blédina",
        "Preco": 3.74,
        "Unidade_Info": "0.76 Kg | 4,92 €/Kg",
        "Categorias_GTM": "Alimentação, Purés de Fruta e Sobremesas, Infantil, Poupe Esta Semana, Promoções",
        "Data_Coleta": "2025-06-01 02:12:21"
    },
    {
        "ID_Produto": "928484",
        "Categoria_Scraping": "infantil",
        "Nome": "Bolsa Puré de Fruta Maçã e Ameixa +6 Meses",
        "Marca": "Blédina",
        "Preco": 2.04,
        "Unidade_Info": "0.38 Kg | 5,37 €/Kg",
        "Categorias_GTM": "Alimentação, Purés de Fruta e Sobremesas, Infantil, Categoria Referência SFCC, Poupe Esta Semana",
        "Data_Coleta": "2025-06-01 02:12:21"
    },
    {
        "ID_Produto": "928480",
        "Categoria_Scraping": "infantil",
        "Nome": "Bolsa Puré de Fruta Maçã e Banana +6 Meses",
        "Marca": "Blédina",
        "Preco": 2.04,
        "Unidade_Info": "0.38 Kg | 5,37 €/Kg",
        "Categorias_GTM": "Alimentação, Purés de Fruta e Sobremesas, Infantil, Poupe Esta Semana, Promoções",
        "Data_Coleta": "2025-06-01 02:12:21"
    },
    {
        "ID_Produto": "928487",
        "Categoria_Scraping": "infantil",
        "Nome": "Bolsa Puré de Fruta Maçã e Pera +6 Meses",
        "Marca": "Blédina",
        "Preco": 3.74,
        "Unidade_Info": "0.38 Kg | 9,84 €/Kg",
        "Categorias_GTM": "Poupe Esta Semana, Promoções, Alimentação, Purés de Fruta e Sobremesas, Infantil",
        "Data_Coleta": "2025-06-01 02:12:21"
    },
    {
        "ID_Produto": "822528",
        "Categoria_Scraping": "infantil",
        "Nome": "Bolsa Puré de Fruta Multifrutas + 4 Meses",
        "Marca": "Nestlé",
        "Preco": 0.65,
        "Unidade_Info": "0.09 Un | 7,22 €/Un",
        "Categorias_GTM": "Alimentação, Purés de Fruta e Sobremesas, Infantil, Categoria Referência SFCC, Poupe Esta Semana",
        "Data_Coleta": "2025-06-01 02:12:21"
    },
    {
        "ID_Produto": "642318",
        "Categoria_Scraping": "infantil",
        "Nome": "Farinha Láctea 5 Frutos",
        "Marca": "Cerelac",
        "Preco": 2.99,
        "Unidade_Info": "0.25 Kg | 11,96 €/Kg",
        "Categorias_GTM": "Categoria Referência SFCC, Alimentação, Infantil, Papas, Poupe Este Fim De Semana",
        "Data_Coleta": "2025-06-01 02:12:21"
    },
    {
        "ID_Produto": "828834",
        "Categoria_Scraping": "infantil",
        "Nome": "Flocos de Cereais com Chocolate",
        "Marca": "Nestum",
        "Preco": 2.24,
        "Unidade_Info": "0.25 Kg | 8,96 €/Kg",
        "Categorias_GTM": "Alimentação, Infantil, Papas, Categoria Referência SFCC, Poupe Esta Semana",
        "Data_Coleta": "2025-06-01 02:12:21"
    },
    {
        "ID_Produto": "887946",
        "Categoria_Scraping": "infantil",
        "Nome": "Flocos de Cereais com Espelta e Aveia Zero",
        "Marca": "Nestum",
        "Preco": 2.24,
        "Unidade_Info": "0.25 Kg | 8,96 €/Kg",
        "Categorias_GTM": "Alimentação, Infantil, Papas, Categoria Referência SFCC, Poupe Esta Semana",
        "Data_Coleta": "2025-06-01 02:12:21"
    },
    {
        "ID_Produto": "893148",
        "Categoria_Scraping": "infantil",
        "Nome": "Flocos de Cereais de Arroz sem Glúten 0% Açúcares",
        "Marca": "Nestum",
        "Preco": 3.19,
        "Unidade_Info": "0.25 Kg | 12,76 €/Kg",
        "Categorias_GTM": "Categoria Referência SFCC, Alimentação, Infantil, Papas, Poupe Este Fim De Semana",
        "Data_Coleta": "2025-06-01 02:12:21"
    },
    {
        "ID_Produto": "31257",
        "Categoria_Scraping": "infantil",
        "Nome": "Flocos de Cereais e Mel",
        "Marca": "Nestum",
        "Preco": 2.24,
        "Unidade_Info": "0.3 Kg | 7,47 €/Kg",
        "Categorias_GTM": "Alimentação, Infantil, Papas, Categoria Referência SFCC, Poupe Este Fim De Semana",
        "Data_Coleta": "2025-06-01 02:12:27"
    },
    {
        "ID_Produto": "887959",
        "Categoria_Scraping": "infantil",
        "Nome": "Flocos de Cereais e Mel Zero",
        "Marca": "Nestum",
        "Preco": 2.24,
        "Unidade_Info": "0.25 Kg | 8,96 €/Kg",
        "Categorias_GTM": "Alimentação, Infantil, Papas, Categoria Referência SFCC, Poupe Esta Semana",
        "Data_Coleta": "2025-06-01 02:12:27"
    },
    {
        "ID_Produto": "911666",
        "Categoria_Scraping": "infantil",
        "Nome": "Flocos de Cereais Integrais e Mel",
        "Marca": "Nestum",
        "Preco": 3.49,
        "Unidade_Info": "0.6 Kg | 5,82 €/Kg",
        "Categorias_GTM": "Alimentação, Infantil, Papas, Categoria Referência SFCC",
        "Data_Coleta": "2025-06-01 02:12:27"
    },
    {
        "ID_Produto": "818891",
        "Categoria_Scraping": "infantil",
        "Nome": "Fraldas Activity Extra 6-11kg T3",
        "Marca": "Dodot",
        "Preco": 14.99,
        "Unidade_Info": "60 Un | 0,25 €/Un",
        "Categorias_GTM": "Poupe Esta Semana, Promoções, Categoria Referência SFCC, Fraldas, Infantil",
        "Data_Coleta": "2025-06-01 02:12:27"
    },
    {
        "ID_Produto": "952595",
        "Categoria_Scraping": "infantil",
        "Nome": "Fraldas Bebé Care & Dry 9-15kg T4",
        "Marca": "Cuida Bebé",
        "Preco": 7.99,
        "Unidade_Info": "46 Un | 0,17 €/Un",
        "Categorias_GTM": "As Nossas Marcas, Cuida Bebé, Categoria Referência SFCC, Fraldas, Infantil",
        "Data_Coleta": "2025-06-01 02:12:27"
    },
    {
        "ID_Produto": "947189",
        "Categoria_Scraping": "infantil",
        "Nome": "Fraldas Bebé Extra Care & Dry +17kg T6",
        "Marca": "Cuida Bebé",
        "Preco": 7.99,
        "Unidade_Info": "36 Un | 0,22 €/Un",
        "Categorias_GTM": "Fraldas, Infantil, As Nossas Marcas, Cuida Bebé, Categoria Referência SFCC",
        "Data_Coleta": "2025-06-01 02:12:27"
    },
    {
        "ID_Produto": "948332",
        "Categoria_Scraping": "infantil",
        "Nome": "Fraldas Bebé Extra Care & Dry 13-18kg T5",
        "Marca": "Cuida Bebé",
        "Preco": 7.99,
        "Unidade_Info": "40 Un | 0,2 €/Un",
        "Categorias_GTM": "Categoria Referência SFCC, As Nossas Marcas, Cuida Bebé, Fraldas, Infantil",
        "Data_Coleta": "2025-06-01 02:12:27"
    },
    {
        "ID_Produto": "935286",
        "Categoria_Scraping": "infantil",
        "Nome": "Fraldas Care & Dry 13-18kg T5",
        "Marca": "Cuida Bebé",
        "Preco": 6.69,
        "Unidade_Info": "44 Un | 0,15 €/Un",
        "Categorias_GTM": "As Nossas Marcas, Cuida Bebé, Categoria Referência SFCC, Fraldas, Infantil",
        "Data_Coleta": "2025-06-01 02:12:27"
    },
    {
        "ID_Produto": "935285",
        "Categoria_Scraping": "infantil",
        "Nome": "Fraldas Care & Dry 9-15kg T4",
        "Marca": "Cuida Bebé",
        "Preco": 6.69,
        "Unidade_Info": "50 Un | 0,13 €/Un",
        "Categorias_GTM": "As Nossas Marcas, Cuida Bebé, Categoria Referência SFCC, Fraldas, Infantil",
        "Data_Coleta": "2025-06-01 02:12:27"
    },
    {
        "ID_Produto": "965896",
        "Categoria_Scraping": "infantil",
        "Nome": "Fraldas Cueca Activity Extra Pants T7",
        "Marca": "Dodot",
        "Preco": 11.94,
        "Unidade_Info": "29 Un | 0,41 €/Un",
        "Categorias_GTM": "Infantil, Fraldas, Poupe Esta Semana, Promoções, Categoria Referência SFCC",
        "Data_Coleta": "2025-06-01 02:12:27"
    },
    {
        "ID_Produto": "935275",
        "Categoria_Scraping": "infantil",
        "Nome": "Fraldas Cueca Extra Care & Dry12-18kg T5",
        "Marca": "Cuida Bebé",
        "Preco": 5.39,
        "Unidade_Info": "23 Un | 0,23 €/Un",
        "Categorias_GTM": "As Nossas Marcas, Cuida Bebé, Categoria Referência SFCC, Fraldas, Infantil",
        "Data_Coleta": "2025-06-01 02:12:27"
    },
    {
        "ID_Produto": "954352",
        "Categoria_Scraping": "infantil",
        "Nome": "Fraldas Cueca Rascals & Friends 10-15kg T4",
        "Marca": "Rascal + Friends",
        "Preco": 7.49,
        "Unidade_Info": "32 Un | 0,23 €/Un",
        "Categorias_GTM": "Categoria Referência SFCC, Fraldas, Infantil, Poupe Este Fim De Semana, Poupe Esta Semana",
        "Data_Coleta": "2025-06-01 02:12:27"
    },
    {
        "ID_Produto": "954354",
        "Categoria_Scraping": "infantil",
        "Nome": "Fraldas Cueca Rascals & Friends 13-18kg T5",
        "Marca": "Rascal + Friends",
        "Preco": 7.49,
        "Unidade_Info": "28 Un | 0,27 €/Un",
        "Categorias_GTM": "Fraldas, Infantil, Categoria Referência SFCC, Poupe Este Fim De Semana, Poupe Esta Semana",
        "Data_Coleta": "2025-06-01 02:12:33"
    },
    {
        "ID_Produto": "949929",
        "Categoria_Scraping": "infantil",
        "Nome": "Fraldas Extra Care & Dry 9-15kg T4",
        "Marca": "Cuida Bebé",
        "Preco": 9.99,
        "Unidade_Info": "70 Un | 0,14 €/Un",
        "Categorias_GTM": "Infantil, Fraldas, As Nossas Marcas, Cuida Bebé, Categoria Referência SFCC",
        "Data_Coleta": "2025-06-01 02:12:33"
    },
    {
        "ID_Produto": "965894",
        "Categoria_Scraping": "infantil",
        "Nome": "Fraldas Pants Activity Extra 12-17kg T5",
        "Marca": "Dodot",
        "Preco": 11.94,
        "Unidade_Info": "38 Un | 0,31 €/Un",
        "Categorias_GTM": "Fraldas, Infantil, Poupe Esta Semana, Promoções, Categoria Referência SFCC",
        "Data_Coleta": "2025-06-01 02:12:33"
    },
    {
        "ID_Produto": "965895",
        "Categoria_Scraping": "infantil",
        "Nome": "Fraldas Pants Activity Extra 14-19kg T6",
        "Marca": "Dodot",
        "Preco": 11.94,
        "Unidade_Info": "35 Un | 0,34 €/Un",
        "Categorias_GTM": "Fraldas, Infantil, Poupe Esta Semana, Promoções, Categoria Referência SFCC",
        "Data_Coleta": "2025-06-01 02:12:33"
    },
    {
        "ID_Produto": "984938",
        "Categoria_Scraping": "infantil",
        "Nome": "Fraldas Rascal & Friends 3-5kg T1",
        "Marca": "Rascal & Friends",
        "Preco": 5.99,
        "Unidade_Info": "44 Un | 0,14 €/Un",
        "Categorias_GTM": "Fraldas, Infantil, Categoria Referência SFCC, Poupe Esta Semana, Promoções",
        "Data_Coleta": "2025-06-01 02:12:33"
    },
    {
        "ID_Produto": "965911",
        "Categoria_Scraping": "infantil",
        "Nome": "Fraldas Sensitive 2-5kg T1",
        "Marca": "Dodot",
        "Preco": 15.74,
        "Unidade_Info": "84 Un | 0,19 €/Un",
        "Categorias_GTM": "Infantil, Fraldas, Promoções, Poupe Esta Semana, Categoria Referência SFCC",
        "Data_Coleta": "2025-06-01 02:12:33"
    },
    {
        "ID_Produto": "654317",
        "Categoria_Scraping": "infantil",
        "Nome": "Leite em Pó 1",
        "Marca": "Nan",
        "Preco": 17.49,
        "Unidade_Info": "0.8 Kg | 21,86 €/Kg",
        "Categorias_GTM": "Categoria Referência SFCC, Alimentação, Infantil, Leites Infantis",
        "Data_Coleta": "2025-06-01 02:12:33"
    },
    {
        "ID_Produto": "909566",
        "Categoria_Scraping": "infantil",
        "Nome": "Leite em Pó AO-AC 1",
        "Marca": "Aptamil",
        "Preco": 21.74,
        "Unidade_Info": "0.8 Kg | 27,17 €/Kg",
        "Categorias_GTM": "Alimentação, Infantil, Leites Infantis, Categoria Referência SFCC",
        "Data_Coleta": "2025-06-01 02:12:33"
    },
    {
        "ID_Produto": "614852",
        "Categoria_Scraping": "infantil",
        "Nome": "Leite em Pó de Transição 2 +6M Optipro",
        "Marca": "Nan",
        "Preco": 13.99,
        "Unidade_Info": "0.8 Kg | 17,49 €/Kg",
        "Categorias_GTM": "Promoções, Categoria Referência SFCC, Alimentação, Infantil, Leites Infantis",
        "Data_Coleta": "2025-06-01 02:12:33"
    },
    {
        "ID_Produto": "898496",
        "Categoria_Scraping": "infantil",
        "Nome": "Leite Infantil 3",
        "Marca": "Aptamil",
        "Preco": 14.29,
        "Unidade_Info": "0.8 Kg | 17,86 €/Kg",
        "Categorias_GTM": "Poupe Esta Semana, Promoções, Categoria Referência SFCC, Alimentação, Infantil",
        "Data_Coleta": "2025-06-01 02:12:33"
    },
    {
        "ID_Produto": "898508",
        "Categoria_Scraping": "infantil",
        "Nome": "Leite Infantil Aptamil 4 750 g",
        "Marca": "Aptamil",
        "Preco": 10.99,
        "Unidade_Info": "0.75 Kg | 14,65 €/Kg",
        "Categorias_GTM": "Poupe Esta Semana, Promoções, Categoria Referência SFCC, Alimentação, Infantil",
        "Data_Coleta": "2025-06-01 02:12:33"
    },
    {
        "ID_Produto": "950019",
        "Categoria_Scraping": "infantil",
        "Nome": "Leite Infantil em Pó 2 24 Meses",
        "Marca": "Nan",
        "Preco": 10.79,
        "Unidade_Info": "0.8 Kg | 13,49 €/Kg",
        "Categorias_GTM": "Promoções, Categoria Referência SFCC, Poupe Esta Semana, Alimentação, Infantil",
        "Data_Coleta": "2025-06-01 02:12:33"
    },
    {
        "ID_Produto": "949299",
        "Categoria_Scraping": "infantil",
        "Nome": "Leite Infantil em Pó 3 12 Meses",
        "Marca": "Nan",
        "Preco": 11.63,
        "Unidade_Info": "0.8 Kg | 14,54 €/Kg",
        "Categorias_GTM": "Alimentação, Infantil, Leites Infantis, Promoções, Categoria Referência SFCC",
        "Data_Coleta": "2025-06-01 02:12:39"
    },
    {
        "ID_Produto": "972260",
        "Categoria_Scraping": "infantil",
        "Nome": "Leite Infantil em Pó Surpreme Pro 1",
        "Marca": "Nan",
        "Preco": 25.99,
        "Unidade_Info": "0.8 Kg | 32,49 €/Kg",
        "Categorias_GTM": "Alimentação, Infantil, Leites Infantis, Categoria Referência SFCC",
        "Data_Coleta": "2025-06-01 02:12:39"
    },
    {
        "ID_Produto": "56099",
        "Categoria_Scraping": "infantil",
        "Nome": "Leite UHT Crescimento +3 Anos",
        "Marca": "Mimosa",
        "Preco": 1.79,
        "Unidade_Info": "1 L | 1,79 €/L",
        "Categorias_GTM": "Categoria Referência SFCC, Alimentação, Infantil, Leites Infantis, Poupe Este Fim De Semana",
        "Data_Coleta": "2025-06-01 02:12:39"
    },
    {
        "ID_Produto": "982384",
        "Categoria_Scraping": "infantil",
        "Nome": "Nestum Cereais Proteína",
        "Marca": "Nestum",
        "Preco": 2.54,
        "Unidade_Info": "0.25 Un | 10,16 €/Un",
        "Categorias_GTM": "Alimentação, Infantil, Papas, Categoria Referência SFCC, Poupe Este Fim De Semana",
        "Data_Coleta": "2025-06-01 02:12:39"
    },
    {
        "ID_Produto": "952755",
        "Categoria_Scraping": "infantil",
        "Nome": "Óleo Bebé",
        "Marca": "Cuida Bebé",
        "Preco": 2.79,
        "Unidade_Info": "0.5 L | 5,58 €/L",
        "Categorias_GTM": "As Nossas Marcas, Cuida Bebé, Categoria Referência SFCC, Poupe Esta Semana, Promoções",
        "Data_Coleta": "2025-06-01 02:12:39"
    },
    {
        "ID_Produto": "971708",
        "Categoria_Scraping": "infantil",
        "Nome": "Papa Infantil Farinha Láctea Maçã, Banana e Frutos do Bosque com Aveia +8 Meses",
        "Marca": "Blédina",
        "Preco": 2.58,
        "Unidade_Info": "0.2 Kg | 12,9 €/Kg",
        "Categorias_GTM": "Promoções, Alimentação, Infantil, Papas, Poupe Esta Semana",
        "Data_Coleta": "2025-06-01 02:12:39"
    },
    {
        "ID_Produto": "853514",
        "Categoria_Scraping": "infantil",
        "Nome": "Papa Infantil Láctea Aveia, Manga e Banana +6 Meses",
        "Marca": "Cerelac",
        "Preco": 2.99,
        "Unidade_Info": "0.24 Kg | 12,46 €/Kg",
        "Categorias_GTM": "Alimentação, Infantil, Papas, Categoria Referência SFCC, Poupe Este Fim De Semana",
        "Data_Coleta": "2025-06-01 02:12:39"
    },
    {
        "ID_Produto": "930818",
        "Categoria_Scraping": "infantil",
        "Nome": "Snack Infantil Tubinhos de Cenoura e Milho Bio +8 Meses",
        "Marca": "Blédina",
        "Preco": 0.99,
        "Unidade_Info": "0.02 Kg | 49,5 €/Kg",
        "Categorias_GTM": "Categoria Referência SFCC, Alimentação, Snacks e Bolachas, Poupe Este Fim De Semana, Infantil",
        "Data_Coleta": "2025-06-01 02:12:39"
    },
    {
        "ID_Produto": "946124",
        "Categoria_Scraping": "infantil",
        "Nome": "Snacks de Cereais de Banana",
        "Marca": "Gerber",
        "Preco": 1.75,
        "Unidade_Info": "0.035 Kg | 50 €/Kg",
        "Categorias_GTM": "Alimentação, Infantil, Snacks e Bolachas, Categoria Referência SFCC, Poupe Esta Semana",
        "Data_Coleta": "2025-06-01 02:12:39"
    },
    {
        "ID_Produto": "946123",
        "Categoria_Scraping": "infantil",
        "Nome": "Snacks de Cereais de Framboesa",
        "Marca": "Gerber",
        "Preco": 1.75,
        "Unidade_Info": "0.035 Kg | 50 €/Kg",
        "Categorias_GTM": "Alimentação, Infantil, Snacks e Bolachas, Categoria Referência SFCC, Poupe Este Fim De Semana",
        "Data_Coleta": "2025-06-01 02:12:39"
    },
    {
        "ID_Produto": "977882",
        "Categoria_Scraping": "infantil",
        "Nome": "Soro Fisiológico Monodoses",
        "Marca": "Cuida Bebé",
        "Preco": 2.79,
        "Unidade_Info": "30 Dos | 0,09 €/Dos",
        "Categorias_GTM": "As Nossas Marcas, Cuida Bebé, Banho e Higiene, Infantil, Proteção e Hidratação",
        "Data_Coleta": "2025-06-01 02:12:39"
    },
    {
        "ID_Produto": "805491",
        "Categoria_Scraping": "infantil",
        "Nome": "Toalhitas Bebé",
        "Marca": "Cuida Bebé",
        "Preco": 1.05,
        "Unidade_Info": "72 Un | 0,01 €/Un",
        "Categorias_GTM": "Categoria Referência SFCC, As Nossas Marcas, Cuida Bebé, Infantil, Toalhitas",
        "Data_Coleta": "2025-06-01 02:12:39"
    },
    {
        "ID_Produto": "955169",
        "Categoria_Scraping": "infantil",
        "Nome": "Toalhitas Bebé Aqua Pure",
        "Marca": "Dodot",
        "Preco": 1.74,
        "Unidade_Info": "48 Un | 0,04 €/Un",
        "Categorias_GTM": "Categoria Referência SFCC, Poupe Esta Semana, Promoções, Infantil, Toalhitas",
        "Data_Coleta": "2025-06-01 02:12:45"
    },
    {
        "ID_Produto": "955171",
        "Categoria_Scraping": "infantil",
        "Nome": "Toalhitas Bebé Aqua Pure",
        "Marca": "Dodot",
        "Preco": 8.99,
        "Unidade_Info": "288 Un | 0,03 €/Un",
        "Categorias_GTM": "Infantil, Toalhitas, Categoria Referência SFCC, Poupe Esta Semana, Promoções",
        "Data_Coleta": "2025-06-01 02:12:45"
    },
    {
        "ID_Produto": "971089",
        "Categoria_Scraping": "infantil",
        "Nome": "Toalhitas Bebé Pure Calma e Protege Aloe Vera",
        "Marca": "Dodot",
        "Preco": 4.79,
        "Unidade_Info": "138 Un | 0,03 €/Un",
        "Categorias_GTM": "Poupe Esta Semana, Promoções, Infantil, Toalhitas, Categoria Referência SFCC",
        "Data_Coleta": "2025-06-01 02:12:45"
    },
    {
        "ID_Produto": "805669",
        "Categoria_Scraping": "infantil",
        "Nome": "Toalhitas Bebé Sensitive",
        "Marca": "Cuida Bebé",
        "Preco": 1.29,
        "Unidade_Info": "64 Un | 0,02 €/Un",
        "Categorias_GTM": "As Nossas Marcas, Cuida Bebé, Categoria Referência SFCC, Infantil, Toalhitas",
        "Data_Coleta": "2025-06-01 02:12:45"
    },
    {
        "ID_Produto": "706194",
        "Categoria_Scraping": "infantil",
        "Nome": "Toalhitas Bebé Sensitive",
        "Marca": "Dodot",
        "Preco": 5.99,
        "Unidade_Info": "216 Un | 0,03 €/Un",
        "Categorias_GTM": "Categoria Referência SFCC, Infantil, Toalhitas, Poupe Esta Semana, Promoções",
        "Data_Coleta": "2025-06-01 02:12:45"
    },
    {
        "ID_Produto": "866032",
        "Categoria_Scraping": "infantil",
        "Nome": "Toalhitas Bebé Sensitive Cuida Bebé",
        "Marca": "Cuida Bebé",
        "Preco": 3.49,
        "Unidade_Info": "192 Un | 0,02 €/Un",
        "Categorias_GTM": "Infantil, Toalhitas, As Nossas Marcas, Cuida Bebé, Poupe Esta Semana",
        "Data_Coleta": "2025-06-01 02:12:45"
    },
    {
        "ID_Produto": "838507",
        "Categoria_Scraping": "infantil",
        "Nome": "Toalhitas para Bebé Básico",
        "Marca": "Dodot",
        "Preco": 0.97,
        "Unidade_Info": "54 Un | 0,02 €/Un",
        "Categorias_GTM": "Infantil, Toalhitas, Categoria Referência SFCC, Poupe Esta Semana, Promoções",
        "Data_Coleta": "2025-06-01 02:12:45"
    },
    {
        "ID_Produto": "963446",
        "Categoria_Scraping": "infantil",
        "Nome": "Água de Colónia",
        "Marca": "Cuida Bebé",
        "Preco": 1.29,
        "Unidade_Info": "0.1 L | 12,9 €/L",
        "Categorias_GTM": "Banho e Higiene, Complementos, Infantil, As Nossas Marcas, Cuida Bebé",
        "Data_Coleta": "2025-06-01 02:12:45"
    },
    {
        "ID_Produto": "954305",
        "Categoria_Scraping": "infantil",
        "Nome": "Água Lavante Cuida Bebé",
        "Marca": "Cuida Bebé",
        "Preco": 3.29,
        "Unidade_Info": "0.5 L | 6,58 €/L",
        "Categorias_GTM": "Categoria Referência SFCC, Poupe Esta Semana, Promoções, As Nossas Marcas, Cuida Bebé",
        "Data_Coleta": "2025-06-01 02:12:45"
    },
    {
        "ID_Produto": "900861",
        "Categoria_Scraping": "infantil",
        "Nome": "Bolsa de Fruta Maçã, Batata Doce e Cenoura",
        "Marca": "Pingo Doce",
        "Preco": 0.67,
        "Unidade_Info": "0.09 Kg | 7,44 €/Kg",
        "Categorias_GTM": "As Nossas Marcas, Pingo Doce, Alimentação, Purés de Fruta e Sobremesas, Infantil",
        "Data_Coleta": "2025-06-01 02:12:45"
    },
    {
        "ID_Produto": "928184",
        "Categoria_Scraping": "infantil",
        "Nome": "Bolsa de Iogurte e Manga",
        "Marca": "Pingo Doce",
        "Preco": 0.67,
        "Unidade_Info": "0.09 Kg | 7,44 €/Kg",
        "Categorias_GTM": "As Nossas Marcas, Pingo Doce, Alimentação, Purés de Fruta e Sobremesas, Infantil",
        "Data_Coleta": "2025-06-01 02:12:45"
    },
    {
        "ID_Produto": "764400",
        "Categoria_Scraping": "infantil",
        "Nome": "Champô Criança 2 em 1 Alperce",
        "Marca": "Pingo Doce",
        "Preco": 1.59,
        "Unidade_Info": "0.25 L | 6,36 €/L",
        "Categorias_GTM": "Categoria Referência SFCC, As Nossas Marcas, Pingo Doce, Banho e Higiene, Champô e Gel de Banho",
        "Data_Coleta": "2025-06-01 02:12:45"
    },
    {
        "ID_Produto": "807647",
        "Categoria_Scraping": "infantil",
        "Nome": "Champô Criança 2 em 1 Maçã",
        "Marca": "Pingo Doce",
        "Preco": 1.59,
        "Unidade_Info": "0.25 L | 6,36 €/L",
        "Categorias_GTM": "As Nossas Marcas, Pingo Doce, Categoria Referência SFCC, Banho e Higiene, Champô e Gel de Banho",
        "Data_Coleta": "2025-06-01 02:12:51"
    },
    {
        "ID_Produto": "938447",
        "Categoria_Scraping": "infantil",
        "Nome": "Champô de Camomila",
        "Marca": "Cuida Bebé",
        "Preco": 1.99,
        "Unidade_Info": "0.5 L | 3,98 €/L",
        "Categorias_GTM": "Banho e Higiene, Champô e Gel de Banho, Infantil, As Nossas Marcas, Cuida Bebé",
        "Data_Coleta": "2025-06-01 02:12:51"
    },
    {
        "ID_Produto": "878202",
        "Categoria_Scraping": "infantil",
        "Nome": "Cotonetes para Bebé",
        "Marca": "Cuida Bebé",
        "Preco": 0.55,
        "Unidade_Info": "56 Un | 0,01 €/Un",
        "Categorias_GTM": "As Nossas Marcas, Cuida Bebé, Algodão, Compressas e Cotonetes, Cuidados de Saúde, Infantil",
        "Data_Coleta": "2025-06-01 02:12:51"
    },
    {
        "ID_Produto": "905492",
        "Categoria_Scraping": "infantil",
        "Nome": "Esponja de Banho Bebé",
        "Marca": "Cuida Bebé",
        "Preco": 0.89,
        "Unidade_Info": "1 Un | 0,89 €/Un",
        "Categorias_GTM": "As Nossas Marcas, Cuida Bebé, Categoria Referência SFCC, Banho e Higiene, Champô e Gel de Banho",
        "Data_Coleta": "2025-06-01 02:12:51"
    },
    {
        "ID_Produto": "958066",
        "Categoria_Scraping": "infantil",
        "Nome": "Farinha Arroz sem Glutén Bio",
        "Marca": "Cuida Bebé",
        "Preco": 1.89,
        "Unidade_Info": "0.2 Kg | 9,45 €/Kg",
        "Categorias_GTM": "Poupe Esta Semana, Promoções, As Nossas Marcas, Cuida Bebé, Alimentação",
        "Data_Coleta": "2025-06-01 02:12:51"
    },
    {
        "ID_Produto": "958067",
        "Categoria_Scraping": "infantil",
        "Nome": "Farinha Multicereais Cuidad Bebé",
        "Marca": "Cuida Bebé",
        "Preco": 1.89,
        "Unidade_Info": "0.25 Kg | 7,56 €/Kg",
        "Categorias_GTM": "Categoria Referência SFCC, Poupe Esta Semana, Promoções, As Nossas Marcas, Cuida Bebé",
        "Data_Coleta": "2025-06-01 02:12:51"
    },
    {
        "ID_Produto": "827239",
        "Categoria_Scraping": "infantil",
        "Nome": "Fraldas Activity Extra 10-15kg T4",
        "Marca": "Cuida Bebé",
        "Preco": 2.59,
        "Unidade_Info": "0.1 L | 25,9 €/L",
        "Categorias_GTM": "Poupe Esta Semana, Promoções, As Nossas Marcas, Cuida Bebé, Categoria Referência SFCC",
        "Data_Coleta": "2025-06-01 02:12:51"
    },
    {
        "ID_Produto": "952594",
        "Categoria_Scraping": "infantil",
        "Nome": "Fraldas Bebé Extra Care & Dry 4-10kg T3",
        "Marca": "Cuida Bebé",
        "Preco": 7.69,
        "Unidade_Info": "52 Un | 0,15 €/Un",
        "Categorias_GTM": "Fraldas, Infantil, Categoria Referência SFCC, As Nossas Marcas, Cuida Bebé",
        "Data_Coleta": "2025-06-01 02:12:51"
    },
    {
        "ID_Produto": "935284",
        "Categoria_Scraping": "infantil",
        "Nome": "Fraldas Care & Dry 4-10kg T3",
        "Marca": "Cuida Bebé",
        "Preco": 6.69,
        "Unidade_Info": "56 Un | 0,12 €/Un",
        "Categorias_GTM": "As Nossas Marcas, Cuida Bebé, Categoria Referência SFCC, Fraldas, Infantil",
        "Data_Coleta": "2025-06-01 02:12:51"
    },
    {
        "ID_Produto": "935288",
        "Categoria_Scraping": "infantil",
        "Nome": "Fraldas Cueca Extra Care & Dry 9-15kg T4",
        "Marca": "Cuida Bebé",
        "Preco": 5.39,
        "Unidade_Info": "25 Un | 0,22 €/Un",
        "Categorias_GTM": "As Nossas Marcas, Cuida Bebé, Categoria Referência SFCC, Fraldas, Infantil",
        "Data_Coleta": "2025-06-01 02:12:51"
    },
    {
        "ID_Produto": "955832",
        "Categoria_Scraping": "infantil",
        "Nome": "Fraldas Extra Care & Dry 4-10kg T3",
        "Marca": "Cuida Bebé",
        "Preco": 9.99,
        "Unidade_Info": "86 Un | 0,12 €/Un",
        "Categorias_GTM": "As Nossas Marcas, Cuida Bebé, Categoria Referência SFCC, Poupe Esta Semana, Promoções",
        "Data_Coleta": "2025-06-01 02:12:51"
    },
    {
        "ID_Produto": "933591",
        "Categoria_Scraping": "infantil",
        "Nome": "Fraldas Sensitive Extra Care & Dry 2-5kg T1",
        "Marca": "Cuida Bebé",
        "Preco": 3.39,
        "Unidade_Info": "28 Un | 0,12 €/Un",
        "Categorias_GTM": "As Nossas Marcas, Cuida Bebé, Categoria Referência SFCC, Fraldas, Infantil",
        "Data_Coleta": "2025-06-01 02:12:51"
    },
    {
        "ID_Produto": "933592",
        "Categoria_Scraping": "infantil",
        "Nome": "Fraldas Sensitive Extra Care & Dry 3-6kg T2",
        "Marca": "Cuida Bebé",
        "Preco": 6.49,
        "Unidade_Info": "60 Un | 0,11 €/Un",
        "Categorias_GTM": "As Nossas Marcas, Cuida Bebé, Categoria Referência SFCC, Infantil, Fraldas",
        "Data_Coleta": "2025-06-01 02:12:57"
    },
    {
        "ID_Produto": "949802",
        "Categoria_Scraping": "infantil",
        "Nome": "Gel de Banho Bebé Corpo e Cabelo",
        "Marca": "Cuida Bebé",
        "Preco": 2.79,
        "Unidade_Info": "0.75 L | 3,72 €/L",
        "Categorias_GTM": "As Nossas Marcas, Cuida Bebé, Categoria Referência SFCC, Poupe Esta Semana, Promoções",
        "Data_Coleta": "2025-06-01 02:12:57"
    },
    {
        "ID_Produto": "965860",
        "Categoria_Scraping": "infantil",
        "Nome": "Leite Hidratante Bebé",
        "Marca": "Cuida Bebé",
        "Preco": 2.79,
        "Unidade_Info": "0.5 L | 5,58 €/L",
        "Categorias_GTM": "Banho e Higiene, Infantil, Proteção e Hidratação, As Nossas Marcas, Cuida Bebé",
        "Data_Coleta": "2025-06-01 02:12:57"
    },
    {
        "ID_Produto": "729064",
        "Categoria_Scraping": "infantil",
        "Nome": "Pó de Talco",
        "Marca": "Cuida Bebé",
        "Preco": 1.19,
        "Unidade_Info": "0.2 Kg | 5,95 €/Kg",
        "Categorias_GTM": "Pingo Doce, As Nossas Marcas, Categoria Referência SFCC, Banho e Higiene, Infantil",
        "Data_Coleta": "2025-06-01 02:12:57"
    },
    {
        "ID_Produto": "959290",
        "Categoria_Scraping": "infantil",
        "Nome": "Snack de Amendoim",
        "Marca": "Pingo Doce",
        "Preco": 1.19,
        "Unidade_Info": "0.05 Kg | 23,8 €/Kg",
        "Categorias_GTM": "Poupe Esta Semana, Promoções, As Nossas Marcas, Pingo Doce, Categoria Referência SFCC",
        "Data_Coleta": "2025-06-01 02:12:57"
    },
    {
        "ID_Produto": "964362",
        "Categoria_Scraping": "infantil",
        "Nome": "Toalhitas Bebé Cara e Mãos",
        "Marca": "Pingo Doce",
        "Preco": 1.39,
        "Unidade_Info": "50 Un | 0,03 €/Un",
        "Categorias_GTM": "Infantil, Toalhitas, As Nossas Marcas, Pingo Doce, Categoria Referência SFCC",
        "Data_Coleta": "2025-06-01 02:12:57"
    },
    {
        "ID_Produto": "884836",
        "Categoria_Scraping": "infantil",
        "Nome": "Alimento Lácteo Alperce +6 meses",
        "Marca": "Yogolino",
        "Preco": 1.99,
        "Unidade_Info": "0.4 Kg | 4,97 €/Kg",
        "Categorias_GTM": "Alimentação, Purés de Fruta e Sobremesas, Infantil, Poupe Esta Semana, Promoções",
        "Data_Coleta": "2025-06-01 02:12:57"
    },
    {
        "ID_Produto": "930822",
        "Categoria_Scraping": "infantil",
        "Nome": "Alimento Lácteo Manga sem Glúten +6 Meses",
        "Marca": "Yogolino",
        "Preco": 1.99,
        "Unidade_Info": "0.4 Kg | 4,97 €/Kg",
        "Categorias_GTM": "Alimentação, Purés de Fruta e Sobremesas, Infantil, Poupe Esta Semana, Promoções",
        "Data_Coleta": "2025-06-01 02:12:57"
    },
    {
        "ID_Produto": "884835",
        "Categoria_Scraping": "infantil",
        "Nome": "Alimento Lácteo Natural +6 Meses",
        "Marca": "Yogolino",
        "Preco": 1.99,
        "Unidade_Info": "0.4 Kg | 4,97 €/Kg",
        "Categorias_GTM": "Alimentação, Purés de Fruta e Sobremesas, Infantil, Poupe Esta Semana, Promoções",
        "Data_Coleta": "2025-06-01 02:12:57"
    },
    {
        "ID_Produto": "884838",
        "Categoria_Scraping": "infantil",
        "Nome": "Alimento Lácteo Pera +6 Meses",
        "Marca": "Yogolino",
        "Preco": 1.99,
        "Unidade_Info": "0.4 Kg | 4,97 €/Kg",
        "Categorias_GTM": "Alimentação, Purés de Fruta e Sobremesas, Infantil, Poupe Esta Semana, Promoções",
        "Data_Coleta": "2025-06-01 02:12:57"
    },
    {
        "ID_Produto": "946149",
        "Categoria_Scraping": "infantil",
        "Nome": "Bebida Láctea com sabor a Bolacha 1-3 Anos",
        "Marca": "Mimosa",
        "Preco": 1.88,
        "Unidade_Info": "1 L | 1,88 €/L",
        "Categorias_GTM": "Categoria Referência SFCC, Alimentação, Infantil, Leites Infantis, Poupe Esta Semana",
        "Data_Coleta": "2025-06-01 02:12:57"
    },
    {
        "ID_Produto": "720433",
        "Categoria_Scraping": "infantil",
        "Nome": "Bebida Láctea com sabor a Bolacha Maria Crescimento 1 a 3 anos",
        "Marca": "Nestlé",
        "Preco": 2.99,
        "Unidade_Info": "1 L | 2,99 €/L",
        "Categorias_GTM": "Categoria Referência SFCC, Alimentação, Infantil, Leites Infantis",
        "Data_Coleta": "2025-06-01 02:12:57"
    },
    {
        "ID_Produto": "946146",
        "Categoria_Scraping": "infantil",
        "Nome": "Bebida Láctea com sabor a Bolacha Maria Junior +3",
        "Marca": "Nestlé",
        "Preco": 2.99,
        "Unidade_Info": "1 L | 2,99 €/L",
        "Categorias_GTM": "Categoria Referência SFCC, Alimentação, Infantil, Leites Infantis",
        "Data_Coleta": "2025-06-01 02:13:03"
    },
    {
        "ID_Produto": "720432",
        "Categoria_Scraping": "infantil",
        "Nome": "Bebida Láctea com sabor a Cereais 1 a 3 anos",
        "Marca": "Nestlé",
        "Preco": 2.99,
        "Unidade_Info": "1 L | 2,99 €/L",
        "Categorias_GTM": "Categoria Referência SFCC, Alimentação, Infantil, Leites Infantis",
        "Data_Coleta": "2025-06-01 02:13:03"
    },
    {
        "ID_Produto": "845648",
        "Categoria_Scraping": "infantil",
        "Nome": "Bolachinhas para Bebés",
        "Marca": "Cerelac",
        "Preco": 1.99,
        "Unidade_Info": "0.18 Kg | 11,06 €/Kg",
        "Categorias_GTM": "Categoria Referência SFCC, Alimentação, Infantil, Snacks e Bolachas, Poupe Esta Semana",
        "Data_Coleta": "2025-06-01 02:13:03"
    },
    {
        "ID_Produto": "937096",
        "Categoria_Scraping": "infantil",
        "Nome": "Bolsa de Fruta Pera, Alperce e Banana +6 Meses",
        "Marca": "Blédina",
        "Preco": 0.69,
        "Unidade_Info": "0.085 Kg | 8,12 €/Kg",
        "Categorias_GTM": "Categoria Referência SFCC, Alimentação, Purés de Fruta e Sobremesas, Infantil, Poupe Esta Semana",
        "Data_Coleta": "2025-06-01 02:13:03"
    },
    {
        "ID_Produto": "846103",
        "Categoria_Scraping": "infantil",
        "Nome": "Bolsa Maçã e Manga",
        "Marca": "Nestlé",
        "Preco": 0.65,
        "Unidade_Info": "0.09 Un | 7,22 €/Un",
        "Categorias_GTM": "Categoria Referência SFCC, Alimentação, Purés de Fruta e Sobremesas, Infantil, Poupe Este Fim De Semana",
        "Data_Coleta": "2025-06-01 02:13:03"
    },
    {
        "ID_Produto": "946120",
        "Categoria_Scraping": "infantil",
        "Nome": "Bolsa Manga",
        "Marca": "Gerber",
        "Preco": 0.89,
        "Unidade_Info": "0.09 Kg | 9,89 €/Kg",
        "Categorias_GTM": "Alimentação, Purés de Fruta e Sobremesas, Infantil, Categoria Referência SFCC, Poupe Esta Semana",
        "Data_Coleta": "2025-06-01 02:13:03"
    },
    {
        "ID_Produto": "928481",
        "Categoria_Scraping": "infantil",
        "Nome": "Bolsa Puré de Fruta Frutos Variados +6 Meses",
        "Marca": "Blédina",
        "Preco": 2.04,
        "Unidade_Info": "0.38 Kg | 5,37 €/Kg",
        "Categorias_GTM": "Alimentação, Purés de Fruta e Sobremesas, Infantil, Categoria Referência SFCC, Poupe Esta Semana",
        "Data_Coleta": "2025-06-01 02:13:03"
    },
    {
        "ID_Produto": "928477",
        "Categoria_Scraping": "infantil",
        "Nome": "Bolsa Puré de Fruta Maçã, Kiwi e Ananás +8 Meses",
        "Marca": "Blédina",
        "Preco": 2.04,
        "Unidade_Info": "0.38 Kg | 5,37 €/Kg",
        "Categorias_GTM": "Alimentação, Purés de Fruta e Sobremesas, Infantil, Poupe Esta Semana, Promoções",
        "Data_Coleta": "2025-06-01 02:13:03"
    },
    {
        "ID_Produto": "928479",
        "Categoria_Scraping": "infantil",
        "Nome": "Bolsa Puré de Fruta Maçã, Manga e Maracujá +8 Meses",
        "Marca": "Blédina",
        "Preco": 2.04,
        "Unidade_Info": "0.38 Kg | 5,37 €/Kg",
        "Categorias_GTM": "Alimentação, Purés de Fruta e Sobremesas, Infantil, Poupe Esta Semana, Promoções",
        "Data_Coleta": "2025-06-01 02:13:03"
    },
    {
        "ID_Produto": "928486",
        "Categoria_Scraping": "infantil",
        "Nome": "Bolsa Puré de Fruta Maçã +4 Meses",
        "Marca": "Blédina",
        "Preco": 2.04,
        "Unidade_Info": "0.38 Kg | 5,37 €/Kg",
        "Categorias_GTM": "Alimentação, Purés de Fruta e Sobremesas, Infantil, Poupe Esta Semana, Promoções",
        "Data_Coleta": "2025-06-01 02:13:03"
    },
    {
        "ID_Produto": "928485",
        "Categoria_Scraping": "infantil",
        "Nome": "Bolsa Puré de Fruta Pera +4 Meses",
        "Marca": "Blédina",
        "Preco": 2.04,
        "Unidade_Info": "0.38 Kg | 5,37 €/Kg",
        "Categorias_GTM": "Alimentação, Purés de Fruta e Sobremesas, Infantil, Categoria Referência SFCC, Poupe Esta Semana",
        "Data_Coleta": "2025-06-01 02:13:03"
    },
    {
        "ID_Produto": "875874",
        "Categoria_Scraping": "infantil",
        "Nome": "Champô Camomila",
        "Marca": "Johnson's Baby",
        "Preco": 4.49,
        "Unidade_Info": "0.5 L | 8,98 €/L",
        "Categorias_GTM": "N/A",
        "Data_Coleta": "2025-06-01 02:13:03"
    },
    {
        "ID_Produto": "938001",
        "Categoria_Scraping": "infantil",
        "Nome": "Champô Criança Alperce",
        "Marca": "Garnier",
        "Preco": 2.95,
        "Unidade_Info": "0.25 L | 11,8 €/L",
        "Categorias_GTM": "Categoria Referência SFCC, Poupe Esta Semana, Promoções, Banho e Higiene, Champô e Gel de Banho",
        "Data_Coleta": "2025-06-01 02:13:10"
    },
    {
        "ID_Produto": "897363",
        "Categoria_Scraping": "infantil",
        "Nome": "Champô Damasco",
        "Marca": "Corine de Farme",
        "Preco": 6.49,
        "Unidade_Info": "0.5 L | 12,98 €/L",
        "Categorias_GTM": "Categoria Referência SFCC, Banho e Higiene, Champô e Gel de Banho, Infantil",
        "Data_Coleta": "2025-06-01 02:13:10"
    },
    {
        "ID_Produto": "940094",
        "Categoria_Scraping": "infantil",
        "Nome": "Champô Delicadeza de Aveia Kids 2 em 1",
        "Marca": "Garnier",
        "Preco": 3.79,
        "Unidade_Info": "0.4 L | 9,48 €/L",
        "Categorias_GTM": "Banho e Higiene, Champô e Gel de Banho, Infantil, Categoria Referência SFCC, Poupe Esta Semana",
        "Data_Coleta": "2025-06-01 02:13:10"
    },
    {
        "ID_Produto": "911831",
        "Categoria_Scraping": "infantil",
        "Nome": "Champô Gold",
        "Marca": "Johnson's Baby",
        "Preco": 6.22,
        "Unidade_Info": "0.75 L | 8,29 €/L",
        "Categorias_GTM": "N/A",
        "Data_Coleta": "2025-06-01 02:13:10"
    },
    {
        "ID_Produto": "776522",
        "Categoria_Scraping": "infantil",
        "Nome": "Champô Gotas de Brilho Criança",
        "Marca": "Johnson's Baby",
        "Preco": 4.49,
        "Unidade_Info": "0.5 L | 8,98 €/L",
        "Categorias_GTM": "N/A",
        "Data_Coleta": "2025-06-01 02:13:10"
    },
    {
        "ID_Produto": "875873",
        "Categoria_Scraping": "infantil",
        "Nome": "Champô para Bebé Golden",
        "Marca": "Johnson's Baby",
        "Preco": 4.49,
        "Unidade_Info": "0.5 L | 8,98 €/L",
        "Categorias_GTM": "N/A",
        "Data_Coleta": "2025-06-01 02:13:10"
    },
    {
        "ID_Produto": "894187",
        "Categoria_Scraping": "infantil",
        "Nome": "Champô Penteia Fácil",
        "Marca": "Johnson's Baby",
        "Preco": 4.49,
        "Unidade_Info": "0.5 L | 8,98 €/L",
        "Categorias_GTM": "N/A",
        "Data_Coleta": "2025-06-01 02:13:10"
    },
    {
        "ID_Produto": "888971",
        "Categoria_Scraping": "infantil",
        "Nome": "Champô Suave",
        "Marca": "Johnson's Baby",
        "Preco": 1.99,
        "Unidade_Info": "0.1 L | 19,9 €/L",
        "Categorias_GTM": "N/A",
        "Data_Coleta": "2025-06-01 02:13:10"
    },
    {
        "ID_Produto": "925669",
        "Categoria_Scraping": "infantil",
        "Nome": "Champô Suave e Brilhante Criança 2 em 1",
        "Marca": "Johnson's Baby",
        "Preco": 4.49,
        "Unidade_Info": "0.5 L | 8,98 €/L",
        "Categorias_GTM": "N/A",
        "Data_Coleta": "2025-06-01 02:13:10"
    },
    {
        "ID_Produto": "919063",
        "Categoria_Scraping": "infantil",
        "Nome": "Champô Suave para Peles Sensíveis",
        "Marca": "Corine de Farme",
        "Preco": 6.99,
        "Unidade_Info": "0.5 L | 13,98 €/L",
        "Categorias_GTM": "Categoria Referência SFCC, Banho e Higiene, Champô e Gel de Banho, Infantil",
        "Data_Coleta": "2025-06-01 02:13:10"
    },
    {
        "ID_Produto": "957573",
        "Categoria_Scraping": "infantil",
        "Nome": "Champô Ultra Suave Alperce Criança",
        "Marca": "Garnier",
        "Preco": 3.79,
        "Unidade_Info": "0.4 L | 9,48 €/L",
        "Categorias_GTM": "Categoria Referência SFCC, Poupe Esta Semana, Promoções, Banho e Higiene, Champô e Gel de Banho",
        "Data_Coleta": "2025-06-01 02:13:10"
    },
    {
        "ID_Produto": "838320",
        "Categoria_Scraping": "infantil",
        "Nome": "Champô Ultra Suave Crianças Alperce",
        "Marca": "Garnier",
        "Preco": 5.34,
        "Unidade_Info": "0.6 L | 8,9 €/L",
        "Categorias_GTM": "Poupe Esta Semana, Promoções, Banho e Higiene, Champô e Gel de Banho, Infantil",
        "Data_Coleta": "2025-06-01 02:13:10"
    },
    {
        "ID_Produto": "935120",
        "Categoria_Scraping": "infantil",
        "Nome": "Champô Ultra Suave Delicadeza de Aveia Criança 2 em 1",
        "Marca": "Garnier",
        "Preco": 2.95,
        "Unidade_Info": "0.25 L | 11,8 €/L",
        "Categorias_GTM": "Poupe Esta Semana, Promoções, Categoria Referência SFCC, Banho e Higiene, Champô e Gel de Banho",
        "Data_Coleta": "2025-06-01 02:13:16"
    },
    {
        "ID_Produto": "835721",
        "Categoria_Scraping": "infantil",
        "Nome": "Condicionador em Spray para Bebé Gotasde Brilho",
        "Marca": "Johnson's Baby",
        "Preco": 3.44,
        "Unidade_Info": "0.2 L | 17,2 €/L",
        "Categorias_GTM": "N/A",
        "Data_Coleta": "2025-06-01 02:13:16"
    },
    {
        "ID_Produto": "776639",
        "Categoria_Scraping": "infantil",
        "Nome": "Condicionador Gotas de Brilho",
        "Marca": "Johnson's Baby",
        "Preco": 4.49,
        "Unidade_Info": "0.5 L | 8,98 €/L",
        "Categorias_GTM": "N/A",
        "Data_Coleta": "2025-06-01 02:13:16"
    },
    {
        "ID_Produto": "894188",
        "Categoria_Scraping": "infantil",
        "Nome": "Condicionador Penteia Fácil",
        "Marca": "Johnson's Baby",
        "Preco": 4.49,
        "Unidade_Info": "0.5 L | 8,98 €/L",
        "Categorias_GTM": "N/A",
        "Data_Coleta": "2025-06-01 02:13:16"
    },
    {
        "ID_Produto": "112568",
        "Categoria_Scraping": "infantil",
        "Nome": "Cotonetes para Bebé",
        "Marca": "Johnson's Baby",
        "Preco": 2.24,
        "Unidade_Info": "200 Un | 0,01 €/Un",
        "Categorias_GTM": "N/A",
        "Data_Coleta": "2025-06-01 02:13:16"
    },
    {
        "ID_Produto": "925704",
        "Categoria_Scraping": "infantil",
        "Nome": "Creme de Corpo para Peles Sensíveis",
        "Marca": "Corine de Farme",
        "Preco": 7.99,
        "Unidade_Info": "0.5 L | 15,98 €/L",
        "Categorias_GTM": "Banho e Higiene, Infantil, Proteção e Hidratação, Categoria Referência SFCC",
        "Data_Coleta": "2025-06-01 02:13:16"
    },
    {
        "ID_Produto": "961127",
        "Categoria_Scraping": "infantil",
        "Nome": "Creme Muda Fraldas Calmante",
        "Marca": "Corine de Farme",
        "Preco": 5.29,
        "Unidade_Info": "0.1 L | 52,9 €/L",
        "Categorias_GTM": "Banho e Higiene, Proteção e Hidratação, Infantil, Categoria Referência SFCC",
        "Data_Coleta": "2025-06-01 02:13:16"
    },
    {
        "ID_Produto": "25337",
        "Categoria_Scraping": "infantil",
        "Nome": "Creme Protetor Contra Assaduras para Bebé",
        "Marca": "Johnson's Baby",
        "Preco": 3.94,
        "Unidade_Info": "0.1 L | 39,4 €/L",
        "Categorias_GTM": "N/A",
        "Data_Coleta": "2025-06-01 02:13:16"
    },
    {
        "ID_Produto": "990197",
        "Categoria_Scraping": "infantil",
        "Nome": "Farinha Láctea 5 Frutis sem Açúcar",
        "Marca": "Pingo Doce",
        "Preco": 2.89,
        "Unidade_Info": "0.25 Kg | 11,56 €/Kg",
        "Categorias_GTM": "As Nossas Marcas, Pingo Doce, Infantil, Papas, Categoria Referência SFCC",
        "Data_Coleta": "2025-06-01 02:13:16"
    },
    {
        "ID_Produto": "637688",
        "Categoria_Scraping": "infantil",
        "Nome": "Farinha Láctea Banana Laranja",
        "Marca": "Cerelac",
        "Preco": 2.99,
        "Unidade_Info": "0.25 Kg | 11,96 €/Kg",
        "Categorias_GTM": "Categoria Referência SFCC, Alimentação, Infantil, Papas, Poupe Este Fim De Semana",
        "Data_Coleta": "2025-06-01 02:13:16"
    },
    {
        "ID_Produto": "702641",
        "Categoria_Scraping": "infantil",
        "Nome": "Flocos de Cereais com 5 Cereais Integrais",
        "Marca": "Nestum",
        "Preco": 2.24,
        "Unidade_Info": "0.25 Kg | 8,96 €/Kg",
        "Categorias_GTM": "Categoria Referência SFCC, Alimentação, Infantil, Papas, Poupe Esta Semana",
        "Data_Coleta": "2025-06-01 02:13:16"
    },
    {
        "ID_Produto": "909006",
        "Categoria_Scraping": "infantil",
        "Nome": "Fraldas Activity XXL T4",
        "Marca": "Dodot",
        "Preco": 34.99,
        "Unidade_Info": "144 Un | 0,24 €/Un",
        "Categorias_GTM": "Fraldas, Infantil, Poupe Esta Semana, Promoções, Categoria Referência SFCC",
        "Data_Coleta": "2025-06-01 02:13:16"
    },
    {
        "ID_Produto": "908896",
        "Categoria_Scraping": "infantil",
        "Nome": "Fraldas Activity XXL T5",
        "Marca": "Dodot",
        "Preco": 34.99,
        "Unidade_Info": "126 Un | 0,28 €/Un",
        "Categorias_GTM": "Fraldas, Infantil, Poupe Esta Semana, Promoções, Categoria Referência SFCC",
        "Data_Coleta": "2025-06-01 02:13:23"
    },
    {
        "ID_Produto": "908897",
        "Categoria_Scraping": "infantil",
        "Nome": "Fraldas Activity XXL T6",
        "Marca": "Dodot",
        "Preco": 34.99,
        "Unidade_Info": "117 Dos | 0,3 €/Dos",
        "Categorias_GTM": "Fraldas, Infantil, Promoções, Poupe Esta Semana, Categoria Referência SFCC",
        "Data_Coleta": "2025-06-01 02:13:23"
    },
    {
        "ID_Produto": "984804",
        "Categoria_Scraping": "infantil",
        "Nome": "Fraldas Bebé Rascals & Friends 10-15kg T4",
        "Marca": "Rascal & Friends",
        "Preco": 5.99,
        "Unidade_Info": "30 Un | 0,2 €/Un",
        "Categorias_GTM": "Fraldas, Infantil, Categoria Referência SFCC, Poupe Esta Semana, Promoções",
        "Data_Coleta": "2025-06-01 02:13:23"
    },
    {
        "ID_Produto": "985020",
        "Categoria_Scraping": "infantil",
        "Nome": "Fraldas Bebé Rascals & Friends 6-11kg T3",
        "Marca": "Rascal & Friends",
        "Preco": 5.99,
        "Unidade_Info": "34 Un | 0,18 €/Un",
        "Categorias_GTM": "Fraldas, Infantil, Categoria Referência SFCC, Poupe Esta Semana, Promoções",
        "Data_Coleta": "2025-06-01 02:13:23"
    },
    {
        "ID_Produto": "986371",
        "Categoria_Scraping": "infantil",
        "Nome": "Fraldas Cueca Pants +17kg T7",
        "Marca": "Rascal & Friends",
        "Preco": 5.99,
        "Unidade_Info": "20 Un | 0,3 €/Un",
        "Categorias_GTM": "Fraldas, Infantil, Categoria Referência SFCC, Poupe Este Fim De Semana, Poupe Esta Semana",
        "Data_Coleta": "2025-06-01 02:13:23"
    },
    {
        "ID_Produto": "954355",
        "Categoria_Scraping": "infantil",
        "Nome": "Fraldas Cueca Rascals & Friends +16kg T6",
        "Marca": "Rascal + Friends",
        "Preco": 7.49,
        "Unidade_Info": "26 Un | 0,29 €/Un",
        "Categorias_GTM": "Categoria Referência SFCC, Fraldas, Infantil, Poupe Este Fim De Semana, Poupe Esta Semana",
        "Data_Coleta": "2025-06-01 02:13:23"
    },
    {
        "ID_Produto": "639004",
        "Categoria_Scraping": "infantil",
        "Nome": "Fraldas Drynites Menina 4-7 Anos",
        "Marca": "Huggies",
        "Preco": 5.99,
        "Unidade_Info": "10 Un | 0,6 €/Un",
        "Categorias_GTM": "Promoções, Categoria Referência SFCC, Fraldas, Infantil, Poupe Esta Semana",
        "Data_Coleta": "2025-06-01 02:13:23"
    },
    {
        "ID_Produto": "639006",
        "Categoria_Scraping": "infantil",
        "Nome": "Fraldas Drynites Menina 8-15 Anos",
        "Marca": "Huggies",
        "Preco": 5.99,
        "Unidade_Info": "9 Un | 0,67 €/Un",
        "Categorias_GTM": "Promoções, Categoria Referência SFCC, Fraldas, Infantil, Poupe Esta Semana",
        "Data_Coleta": "2025-06-01 02:13:23"
    },
    {
        "ID_Produto": "639003",
        "Categoria_Scraping": "infantil",
        "Nome": "Fraldas Drynites Menino 4-7 Anos",
        "Marca": "Huggies",
        "Preco": 5.99,
        "Unidade_Info": "10 Un | 0,6 €/Un",
        "Categorias_GTM": "Poupe Esta Semana, Categoria Referência SFCC, Fraldas, Infantil, Promoções",
        "Data_Coleta": "2025-06-01 02:13:23"
    },
    {
        "ID_Produto": "639005",
        "Categoria_Scraping": "infantil",
        "Nome": "Fraldas DryNites Menino 8-15 Anos",
        "Marca": "Huggies",
        "Preco": 5.99,
        "Unidade_Info": "9 Un | 0,67 €/Un",
        "Categorias_GTM": "Poupe Esta Semana, Promoções, Categoria Referência SFCC, Fraldas, Infantil",
        "Data_Coleta": "2025-06-01 02:13:23"
    },
    {
        "ID_Produto": "980550",
        "Categoria_Scraping": "infantil",
        "Nome": "Fraldas Extra Care 6-10kg T3",
        "Marca": "Huggies",
        "Preco": 9.59,
        "Unidade_Info": "40 Un | 0,24 €/Un",
        "Categorias_GTM": "Promoções, Fraldas, Infantil, Poupe Esta Semana, Categoria Referência SFCC",
        "Data_Coleta": "2025-06-01 02:13:23"
    },
    {
        "ID_Produto": "754473",
        "Categoria_Scraping": "infantil",
        "Nome": "Fraldas Little Swimmers T2/T3",
        "Marca": "Huggies",
        "Preco": 4.99,
        "Unidade_Info": "12 Un | 0,42 €/Un",
        "Categorias_GTM": "Poupe Esta Semana, Categoria Referência SFCC, Fraldas, Infantil, Promoções",
        "Data_Coleta": "2025-06-01 02:13:23"
    },
    {
        "ID_Produto": "299702",
        "Categoria_Scraping": "infantil",
        "Nome": "Fraldas Little Swimmers T3/T4",
        "Marca": "Huggies",
        "Preco": 4.99,
        "Unidade_Info": "12 Un | 0,42 €/Un",
        "Categorias_GTM": "Poupe Esta Semana, Fraldas, Infantil, Promoções, Categoria Referência SFCC",
        "Data_Coleta": "2025-06-01 02:13:30"
    },
    {
        "ID_Produto": "299701",
        "Categoria_Scraping": "infantil",
        "Nome": "Fraldas Little Swimmers T5/T6",
        "Marca": "Huggies",
        "Preco": 4.99,
        "Unidade_Info": "11 Un | 0,45 €/Un",
        "Categorias_GTM": "Promoções, Fraldas, Infantil, Poupe Esta Semana, Categoria Referência SFCC",
        "Data_Coleta": "2025-06-01 02:13:30"
    },
    {
        "ID_Produto": "965897",
        "Categoria_Scraping": "infantil",
        "Nome": "Fraldas Ninjamas Foguetão 17-30kg T7",
        "Marca": "Dodot",
        "Preco": 5.84,
        "Unidade_Info": "10 Un | 0,58 €/Un",
        "Categorias_GTM": "Fraldas, Infantil, Promoções, Poupe Esta Semana, Categoria Referência SFCC",
        "Data_Coleta": "2025-06-01 02:13:30"
    },
    {
        "ID_Produto": "965899",
        "Categoria_Scraping": "infantil",
        "Nome": "Fraldas Ninjamas Foguetão 27-43kg T8",
        "Marca": "Dodot",
        "Preco": 6.49,
        "Unidade_Info": "9 Un | 0,72 €/Un",
        "Categorias_GTM": "Fraldas, Infantil, Promoções, Poupe Esta Semana, Categoria Referência SFCC",
        "Data_Coleta": "2025-06-01 02:13:30"
    },
    {
        "ID_Produto": "965893",
        "Categoria_Scraping": "infantil",
        "Nome": "Fraldas Pants Activity Extra 9-15kg T4",
        "Marca": "Dodot",
        "Preco": 11.94,
        "Unidade_Info": "43 Un | 0,28 €/Un",
        "Categorias_GTM": "Fraldas, Infantil, Poupe Esta Semana, Promoções, Categoria Referência SFCC",
        "Data_Coleta": "2025-06-01 02:13:30"
    },
    {
        "ID_Produto": "917753",
        "Categoria_Scraping": "infantil",
        "Nome": "Fraldas Sensitive < 3kg T0",
        "Marca": "Dodot",
        "Preco": 5.19,
        "Unidade_Info": "24 Un | 0,22 €/Un",
        "Categorias_GTM": "Poupe Esta Semana, Promoções, Categoria Referência SFCC, Fraldas, Infantil",
        "Data_Coleta": "2025-06-01 02:13:30"
    },
    {
        "ID_Produto": "984020",
        "Categoria_Scraping": "infantil",
        "Nome": "Fraldas Sensitive 4-8kg T2",
        "Marca": "Dodot",
        "Preco": 12.69,
        "Unidade_Info": "58 Un | 0,22 €/Un",
        "Categorias_GTM": "Fraldas, Infantil, Promoções, Poupe Esta Semana, Categoria Referência SFCC",
        "Data_Coleta": "2025-06-01 02:13:30"
    },
    {
        "ID_Produto": "983298",
        "Categoria_Scraping": "infantil",
        "Nome": "Fraldas Sensitive Carry Pack T1",
        "Marca": "Dodot",
        "Preco": 12.69,
        "Unidade_Info": "58 Un | 0,22 €/Un",
        "Categorias_GTM": "Fraldas, Infantil, Promoções, Poupe Esta Semana, Categoria Referência SFCC",
        "Data_Coleta": "2025-06-01 02:13:30"
    },
    {
        "ID_Produto": "884727",
        "Categoria_Scraping": "infantil",
        "Nome": "Gel de Banho Bolhas de Espuma",
        "Marca": "Johnson's Baby",
        "Preco": 5.79,
        "Unidade_Info": "0.75 L | 7,72 €/L",
        "Categorias_GTM": "N/A",
        "Data_Coleta": "2025-06-01 02:13:30"
    },
    {
        "ID_Produto": "920641",
        "Categoria_Scraping": "infantil",
        "Nome": "Gel de Banho Extra Suave de Amêndoa",
        "Marca": "Corine de Farme",
        "Preco": 6.99,
        "Unidade_Info": "0.5 L | 13,98 €/L",
        "Categorias_GTM": "Categoria Referência SFCC, Banho e Higiene, Champô e Gel de Banho, Infantil",
        "Data_Coleta": "2025-06-01 02:13:30"
    },
    {
        "ID_Produto": "961128",
        "Categoria_Scraping": "infantil",
        "Nome": "Gel de Banho Kids Pera",
        "Marca": "Corine de Farme",
        "Preco": 5.49,
        "Unidade_Info": "0.5 L | 10,98 €/L",
        "Categorias_GTM": "Banho e Higiene, Champô e Gel de Banho, Infantil, Categoria Referência SFCC",
        "Data_Coleta": "2025-06-01 02:13:30"
    },
    {
        "ID_Produto": "728373",
        "Categoria_Scraping": "infantil",
        "Nome": "Gel de Banho para Bebé Bons Sonhos",
        "Marca": "Johnson's Baby",
        "Preco": 4.19,
        "Unidade_Info": "0.5 L | 8,38 €/L",
        "Categorias_GTM": "N/A",
        "Data_Coleta": "2025-06-01 02:13:30"
    },
    {
        "ID_Produto": "888232",
        "Categoria_Scraping": "infantil",
        "Nome": "Gel de Banho Micelar CC Bio BB Corinede Farme 500 ml",
        "Marca": "Corine de Farme",
        "Preco": 7.99,
        "Unidade_Info": "0.5 L | 15,98 €/L",
        "Categorias_GTM": "Banho e Higiene, Champô e Gel de Banho, Infantil, Categoria Referência SFCC",
        "Data_Coleta": "2025-06-01 02:13:36"
    },
    {
        "ID_Produto": "705901",
        "Categoria_Scraping": "infantil",
        "Nome": "Leite e Cereais Bolacha Maria +6 Meses",
        "Marca": "Cerelac",
        "Preco": 2.15,
        "Unidade_Info": "0.4 L | 5,37 €/L",
        "Categorias_GTM": "Categoria Referência SFCC, Alimentação, Infantil, Papas, Poupe Este Fim De Semana",
        "Data_Coleta": "2025-06-01 02:13:43"
    },
    {
        "ID_Produto": "909567",
        "Categoria_Scraping": "infantil",
        "Nome": "Leite em Pó AO-AC 2",
        "Marca": "Aptamil",
        "Preco": 21.74,
        "Unidade_Info": "0.8 Kg | 27,17 €/Kg",
        "Categorias_GTM": "Alimentação, Infantil, Leites Infantis, Categoria Referência SFCC",
        "Data_Coleta": "2025-06-01 02:13:43"
    },
    {
        "ID_Produto": "703171",
        "Categoria_Scraping": "infantil",
        "Nome": "Leite em Pó Júnior 5",
        "Marca": "Aptamil",
        "Preco": 10.59,
        "Unidade_Info": "0.75 Kg | 14,12 €/Kg",
        "Categorias_GTM": "Categoria Referência SFCC, Alimentação, Infantil, Leites Infantis, Poupe Esta Semana",
        "Data_Coleta": "2025-06-01 02:13:43"
    },
    {
        "ID_Produto": "953130",
        "Categoria_Scraping": "infantil",
        "Nome": "Leite em Pó Magro +12 Meses",
        "Marca": "Molico",
        "Preco": 6.69,
        "Unidade_Info": "0.38 Kg | 17,61 €/Kg",
        "Categorias_GTM": "Categoria Referência SFCC, Alimentação, Infantil, Leites Infantis",
        "Data_Coleta": "2025-06-01 02:13:43"
    },
    {
        "ID_Produto": "920640",
        "Categoria_Scraping": "infantil",
        "Nome": "Leite Hidratante Pele Sensível",
        "Marca": "Corine de Farme",
        "Preco": 6.99,
        "Unidade_Info": "0.5 L | 13,98 €/L",
        "Categorias_GTM": "Categoria Referência SFCC, Banho e Higiene, Infantil, Proteção e Hidratação",
        "Data_Coleta": "2025-06-01 02:13:43"
    },
    {
        "ID_Produto": "898506",
        "Categoria_Scraping": "infantil",
        "Nome": "Leite Infantil 1",
        "Marca": "Aptamil",
        "Preco": 17.59,
        "Unidade_Info": "0.8 Kg | 21,99 €/Kg",
        "Categorias_GTM": "Categoria Referência SFCC, Alimentação, Infantil, Leites Infantis",
        "Data_Coleta": "2025-06-01 02:13:43"
    },
    {
        "ID_Produto": "898505",
        "Categoria_Scraping": "infantil",
        "Nome": "Leite Infantil 2",
        "Marca": "Aptamil",
        "Preco": 14.29,
        "Unidade_Info": "0.8 Kg | 17,86 €/Kg",
        "Categorias_GTM": "Categoria Referência SFCC, Alimentação, Infantil, Leites Infantis, Poupe Esta Semana",
        "Data_Coleta": "2025-06-01 02:13:43"
    },
    {
        "ID_Produto": "967870",
        "Categoria_Scraping": "infantil",
        "Nome": "Leite Infantil em Pó Total 1",
        "Marca": "Nan",
        "Preco": 22.59,
        "Unidade_Info": "0.8 Kg | 28,24 €/Kg",
        "Categorias_GTM": "Alimentação, Infantil, Leites Infantis, Categoria Referência SFCC",
        "Data_Coleta": "2025-06-01 02:13:43"
    },
    {
        "ID_Produto": "966672",
        "Categoria_Scraping": "infantil",
        "Nome": "Leite Infantil em Pó Total 2",
        "Marca": "Nan",
        "Preco": 23.99,
        "Unidade_Info": "0.8 Kg | 29,99 €/Kg",
        "Categorias_GTM": "Alimentação, Infantil, Leites Infantis, Categoria Referência SFCC",
        "Data_Coleta": "2025-06-01 02:13:43"
    },
    {
        "ID_Produto": "882550",
        "Categoria_Scraping": "infantil",
        "Nome": "Loção para Bebé Cotton Touch",
        "Marca": "Johnson's Baby",
        "Preco": 4.49,
        "Unidade_Info": "0.5 L | 8,98 €/L",
        "Categorias_GTM": "N/A",
        "Data_Coleta": "2025-06-01 02:13:43"
    },
    {
        "ID_Produto": "959950",
        "Categoria_Scraping": "infantil",
        "Nome": "Nestum Chocolate Zero Açúcar",
        "Marca": "Nestum",
        "Preco": 2.24,
        "Unidade_Info": "0.25 Kg | 8,96 €/Kg",
        "Categorias_GTM": "Alimentação, Infantil, Papas, Categoria Referência SFCC, Poupe Este Fim De Semana",
        "Data_Coleta": "2025-06-01 02:13:43"
    },
    {
        "ID_Produto": "968700",
        "Categoria_Scraping": "infantil",
        "Nome": "Pó de Talco",
        "Marca": "Johnson & Johnson",
        "Preco": 3.19,
        "Unidade_Info": "0.2 Kg | 15,95 €/Kg",
        "Categorias_GTM": "Banho e Higiene, Infantil, Proteção e Hidratação, Poupe Esta Semana, Promoções",
        "Data_Coleta": "2025-06-01 02:13:50"
    },
    {
        "ID_Produto": "928483",
        "Categoria_Scraping": "infantil",
        "Nome": "Puré de Maça e Pêra",
        "Marca": "Blédina",
        "Preco": 2.04,
        "Unidade_Info": "0.38 Kg | 5,37 €/Kg",
        "Categorias_GTM": "Poupe Esta Semana, Promoções, Alimentação, Purés de Fruta e Sobremesas, Infantil",
        "Data_Coleta": "2025-06-01 02:13:50"
    },
    {
        "ID_Produto": "907072",
        "Categoria_Scraping": "infantil",
        "Nome": "Refeição Infantil Batata, Abóbora e Peru +6  Meses",
        "Marca": "Nestlé",
        "Preco": 1.99,
        "Unidade_Info": "0.19 Kg | 10,47 €/Kg",
        "Categorias_GTM": "Alimentação, Infantil, Papas, Categoria Referência SFCC",
        "Data_Coleta": "2025-06-01 02:13:50"
    },
    {
        "ID_Produto": "908719",
        "Categoria_Scraping": "infantil",
        "Nome": "Refeição Infantil Legumes com Vitela +6 Meses",
        "Marca": "Nestlé",
        "Preco": 1.99,
        "Unidade_Info": "0.19 Kg | 10,47 €/Kg",
        "Categorias_GTM": "Alimentação, Infantil, Papas, Categoria Referência SFCC",
        "Data_Coleta": "2025-06-01 02:13:50"
    },
    {
        "ID_Produto": "373629",
        "Categoria_Scraping": "infantil",
        "Nome": "Refeição Infantil Legumes e Vitela",
        "Marca": "Blédina",
        "Preco": 1.91,
        "Unidade_Info": "0.2 Kg | 9,55 €/Kg",
        "Categorias_GTM": "Alimentação, Infantil, Papas, Categoria Referência SFCC",
        "Data_Coleta": "2025-06-01 02:13:50"
    },
    {
        "ID_Produto": "963517",
        "Categoria_Scraping": "infantil",
        "Nome": "Sobremesa Láctea Bolacha Maria",
        "Marca": "Yogolino",
        "Preco": 1.99,
        "Unidade_Info": "0.4 Kg | 4,97 €/Kg",
        "Categorias_GTM": "Alimentação, Infantil, Purés de Fruta e Sobremesas, Poupe Esta Semana, Promoções",
        "Data_Coleta": "2025-06-01 02:13:50"
    },
    {
        "ID_Produto": "580870",
        "Categoria_Scraping": "infantil",
        "Nome": "Soro Fisiológico Monodoses",
        "Marca": "Corine de Farme",
        "Preco": 4.99,
        "Unidade_Info": "24 Un | 0,21 €/Un",
        "Categorias_GTM": "Banho e Higiene, Complementos, Infantil, Categoria Referência SFCC",
        "Data_Coleta": "2025-06-01 02:13:50"
    },
    {
        "ID_Produto": "836404",
        "Categoria_Scraping": "infantil",
        "Nome": "Spray Condicionador Penteia Fácil Criança",
        "Marca": "Johnson's Baby",
        "Preco": 3.44,
        "Unidade_Info": "0.2 L | 17,2 €/L",
        "Categorias_GTM": "N/A",
        "Data_Coleta": "2025-06-01 02:13:50"
    },
    {
        "ID_Produto": "987896",
        "Categoria_Scraping": "infantil",
        "Nome": "Toalhitas Bebé Azul",
        "Marca": "Dodot",
        "Preco": 0.98,
        "Unidade_Info": "52 Un | 0,02 €/Un",
        "Categorias_GTM": "Infantil, Toalhitas, Promoções, Poupe Esta Semana, Categoria Referência SFCC",
        "Data_Coleta": "2025-06-01 02:13:50"
    },
    {
        "ID_Produto": "984791",
        "Categoria_Scraping": "infantil",
        "Nome": "Toalhitas Bebé Sensitive",
        "Marca": "Rascal & Friends",
        "Preco": 1.49,
        "Unidade_Info": "52 Un | 0,03 €/Un",
        "Categorias_GTM": "Infantil, Toalhitas, Categoria Referência SFCC, Poupe Este Fim De Semana, Poupe Esta Semana",
        "Data_Coleta": "2025-06-01 02:13:50"
    },
    {
        "ID_Produto": "934976",
        "Categoria_Scraping": "infantil",
        "Nome": "Toalhitas Natural Care",
        "Marca": "Huggies",
        "Preco": 6.79,
        "Unidade_Info": "168 Un | 0,04 €/Un",
        "Categorias_GTM": "Categoria Referência SFCC, Infantil, Toalhitas",
        "Data_Coleta": "2025-06-01 02:13:50"
    },
    {
        "ID_Produto": "908334",
        "Categoria_Scraping": "infantil",
        "Nome": "Toalhitas Pure Extra",
        "Marca": "Huggies",
        "Preco": 7.99,
        "Unidade_Info": "168 Un | 0,05 €/Un",
        "Categorias_GTM": "Infantil, Toalhitas, Categoria Referência SFCC",
        "Data_Coleta": "2025-06-01 02:13:50"
    },
    {
        "ID_Produto": "934977",
        "Categoria_Scraping": "infantil",
        "Nome": "Toalhitas Pure Quad",
        "Marca": "Huggies",
        "Preco": 6.79,
        "Unidade_Info": "168 Un | 0,04 €/Un",
        "Categorias_GTM": "Categoria Referência SFCC, Infantil, Toalhitas",
        "Data_Coleta": "2025-06-01 02:13:57"
    },
    {
        "ID_Produto": "948752",
        "Categoria_Scraping": "higiene pessoal e beleza",
        "Nome": "Papel Higiénico 2 Folhas",
        "Marca": "Pingo Doce",
        "Preco": 6.29,
        "Unidade_Info": "32 Un | 0,2 €/Un",
        "Categorias_GTM": "Higiene Pessoal e Beleza, Papel Higiénico e Toalhitas, As Nossas Marcas, Pingo Doce, Categoria Referência SFCC",
        "Data_Coleta": "2025-06-01 02:14:40"
    },
    {
        "ID_Produto": "969936",
        "Categoria_Scraping": "higiene pessoal e beleza",
        "Nome": "Papel Higiénico 4 Folhas",
        "Marca": "Pingo Doce",
        "Preco": 3.79,
        "Unidade_Info": "9 Un | 0,42 €/Un",
        "Categorias_GTM": "As Nossas Marcas, Pingo Doce, Higiene Pessoal e Beleza, Papel Higiénico e Toalhitas, Categoria Referência SFCC",
        "Data_Coleta": "2025-06-01 02:14:40"
    },
    {
        "ID_Produto": "969556",
        "Categoria_Scraping": "higiene pessoal e beleza",
        "Nome": "Papel Higiénico Liso 3 Folhas",
        "Marca": "Pingo Doce",
        "Preco": 3.79,
        "Unidade_Info": "12 Un | 0,32 €/Un",
        "Categorias_GTM": "As Nossas Marcas, Pingo Doce, Higiene Pessoal e Beleza, Papel Higiénico e Toalhitas, Categoria Referência SFCC",
        "Data_Coleta": "2025-06-01 02:14:40"
    },
    {
        "ID_Produto": "964376",
        "Categoria_Scraping": "higiene pessoal e beleza",
        "Nome": "Toalhitas Higiénicas WC",
        "Marca": "Pingo Doce",
        "Preco": 1.49,
        "Unidade_Info": "96 Un | 0,02 €/Un",
        "Categorias_GTM": "As Nossas Marcas, Pingo Doce, Higiene Pessoal e Beleza, Papel Higiénico e Toalhitas, Categoria Referência SFCC",
        "Data_Coleta": "2025-06-01 02:14:40"
    },
    {
        "ID_Produto": "941723",
        "Categoria_Scraping": "higiene pessoal e beleza",
        "Nome": "Cueca Incontinência Tamanho Médio",
        "Marca": "Pingo Doce",
        "Preco": 8.9,
        "Unidade_Info": "14 Un | 0,64 €/Un",
        "Categorias_GTM": "As Nossas Marcas, Pingo Doce, Categoria Referência SFCC, Fraldas e Cuecas, Higiene Pessoal e Beleza",
        "Data_Coleta": "2025-06-01 02:14:40"
    },
    {
        "ID_Produto": "941525",
        "Categoria_Scraping": "higiene pessoal e beleza",
        "Nome": "Cuecas Incontinência Clássica Large",
        "Marca": "Pingo Doce",
        "Preco": 9.49,
        "Unidade_Info": "14 Un | 0,68 €/Un",
        "Categorias_GTM": "As Nossas Marcas, Pingo Doce, Categoria Referência SFCC, Fraldas e Cuecas, Higiene Pessoal e Beleza",
        "Data_Coleta": "2025-06-01 02:14:40"
    },
    {
        "ID_Produto": "938871",
        "Categoria_Scraping": "higiene pessoal e beleza",
        "Nome": "Papel Higénico 3 Folhas Super",
        "Marca": "Renova",
        "Preco": 4.49,
        "Unidade_Info": "18 Un | 0,25 €/Un",
        "Categorias_GTM": "Higiene Pessoal e Beleza, Papel Higiénico e Toalhitas, Promoções, Categoria Referência SFCC, Poupe Esta Semana",
        "Data_Coleta": "2025-06-01 02:14:40"
    },
    {
        "ID_Produto": "719715",
        "Categoria_Scraping": "higiene pessoal e beleza",
        "Nome": "Papel Higénico 4 Folhas",
        "Marca": "Renova",
        "Preco": 3.74,
        "Unidade_Info": "9 Un | 0,42 €/Un",
        "Categorias_GTM": "Poupe Esta Semana, Promoções, Categoria Referência SFCC, Higiene Pessoal e Beleza, Papel Higiénico e Toalhitas",
        "Data_Coleta": "2025-06-01 02:14:40"
    },
    {
        "ID_Produto": "870871",
        "Categoria_Scraping": "higiene pessoal e beleza",
        "Nome": "Papel Higiénico 2 Folhas Reciclado",
        "Marca": "Pingo Doce",
        "Preco": 2.39,
        "Unidade_Info": "12 Un | 0,2 €/Un",
        "Categorias_GTM": "As Nossas Marcas, Pingo Doce, Categoria Referência SFCC, Papel Higiénico e Toalhitas, Higiene Pessoal e Beleza",
        "Data_Coleta": "2025-06-01 02:14:40"
    },
    {
        "ID_Produto": "972627",
        "Categoria_Scraping": "higiene pessoal e beleza",
        "Nome": "Papel Higiénico Compacto 6 Rolos",
        "Marca": "Pingo Doce",
        "Preco": 2.39,
        "Unidade_Info": "6 Un | 0,4 €/Un",
        "Categorias_GTM": "Higiene Pessoal e Beleza, Papel Higiénico e Toalhitas, As Nossas Marcas, Pingo Doce, Categoria Referência SFCC",
        "Data_Coleta": "2025-06-01 02:14:40"
    },
    {
        "ID_Produto": "973094",
        "Categoria_Scraping": "higiene pessoal e beleza",
        "Nome": "Resguardo Cama 60x90",
        "Marca": "Pingo Doce",
        "Preco": 6.99,
        "Unidade_Info": "20 Un | 0,35 €/Un",
        "Categorias_GTM": "As Nossas Marcas, Pingo Doce, Fraldas e Cuecas, Higiene Pessoal e Beleza, Incontinência",
        "Data_Coleta": "2025-06-01 02:14:40"
    },
    {
        "ID_Produto": "819374",
        "Categoria_Scraping": "higiene pessoal e beleza",
        "Nome": "Compressas de Tecido Não Tecido 10 x 10cm",
        "Marca": "Pingo Doce",
        "Preco": 1.49,
        "Unidade_Info": "100 Un | 0,01 €/Un",
        "Categorias_GTM": "As Nossas Marcas, Pingo Doce, Categoria Referência SFCC, Poupe Esta Semana, Promoções",
        "Data_Coleta": "2025-06-01 02:14:40"
    },
    {
        "ID_Produto": "746257",
        "Categoria_Scraping": "higiene pessoal e beleza",
        "Nome": "Cuecas Incontinência Tamanho Grande",
        "Marca": "Tena",
        "Preco": 12.59,
        "Unidade_Info": "14 Un | 0,9 €/Un",
        "Categorias_GTM": "Poupe Esta Semana, Categoria Referência SFCC, Promoções, Fraldas e Cuecas, Higiene Pessoal e Beleza",
        "Data_Coleta": "2025-06-01 02:14:54"
    },
    {
        "ID_Produto": "943474",
        "Categoria_Scraping": "higiene pessoal e beleza",
        "Nome": "Fraldas Incontinência Tamanho Grande",
        "Marca": "Pingo Doce",
        "Preco": 6.99,
        "Unidade_Info": "20 Un | 0,35 €/Un",
        "Categorias_GTM": "As Nossas Marcas, Pingo Doce, Fraldas e Cuecas, Higiene Pessoal e Beleza, Incontinência",
        "Data_Coleta": "2025-06-01 02:14:54"
    },
    {
        "ID_Produto": "943473",
        "Categoria_Scraping": "higiene pessoal e beleza",
        "Nome": "Fraldas Incontinência Tamanho Médio",
        "Marca": "Pingo Doce",
        "Preco": 6.99,
        "Unidade_Info": "20 Un | 0,35 €/Un",
        "Categorias_GTM": "Fraldas e Cuecas, Higiene Pessoal e Beleza, Incontinência, Categoria Referência SFCC, As Nossas Marcas",
        "Data_Coleta": "2025-06-01 02:14:54"
    },
    {
        "ID_Produto": "974019",
        "Categoria_Scraping": "higiene pessoal e beleza",
        "Nome": "Gel de Banho Hydrate",
        "Marca": "Dove",
        "Preco": 6.39,
        "Unidade_Info": "0.72 L | 8,88 €/L",
        "Categorias_GTM": "Corpo, Gel de Banho, Higiene Pessoal e Beleza, Categoria Referência SFCC",
        "Data_Coleta": "2025-06-01 02:14:54"
    },
    {
        "ID_Produto": "764018",
        "Categoria_Scraping": "higiene pessoal e beleza",
        "Nome": "Lenços de Bolso 3 Folhas Compactos Pack 10",
        "Marca": "Pingo Doce",
        "Preco": 1.19,
        "Unidade_Info": "10 x10 Un | 0,01 €/Un",
        "Categorias_GTM": "As Nossas Marcas, Pingo Doce, Higiene Pessoal e Beleza, Lenços de Papel, Categoria Referência SFCC",
        "Data_Coleta": "2025-06-01 02:14:54"
    },
    {
        "ID_Produto": "744662",
        "Categoria_Scraping": "higiene pessoal e beleza",
        "Nome": "Lenços de Bolso 4 Folhas Ultra Suaves Pack 18",
        "Marca": "Pingo Doce",
        "Preco": 2.05,
        "Unidade_Info": "18 x18 Un | 0,01 €/Un",
        "Categorias_GTM": "Categoria Referência SFCC, Higiene Pessoal e Beleza, Lenços de Papel, As Nossas Marcas, Pingo Doce",
        "Data_Coleta": "2025-06-01 02:14:54"
    },
    {
        "ID_Produto": "700445",
        "Categoria_Scraping": "higiene pessoal e beleza",
        "Nome": "Papel Higénico 2 Folhas Super",
        "Marca": "Renova",
        "Preco": 2.29,
        "Unidade_Info": "4 Ro | 0,57 €/Ro",
        "Categorias_GTM": "Categoria Referência SFCC, Higiene Pessoal e Beleza, Papel Higiénico e Toalhitas, Poupe Esta Semana, Promoções",
        "Data_Coleta": "2025-06-01 02:14:54"
    },
    {
        "ID_Produto": "937896",
        "Categoria_Scraping": "higiene pessoal e beleza",
        "Nome": "Papel Higénico 3 Folhas Acolchoado",
        "Marca": "Pingo Doce",
        "Preco": 4.49,
        "Unidade_Info": "9 Un | 0,5 €/Un",
        "Categorias_GTM": "Higiene Pessoal e Beleza, Papel Higiénico e Toalhitas, As Nossas Marcas, Pingo Doce, Categoria Referência SFCC",
        "Data_Coleta": "2025-06-01 02:14:54"
    },
    {
        "ID_Produto": "913052",
        "Categoria_Scraping": "higiene pessoal e beleza",
        "Nome": "Papel Higiénico 2 Folhas",
        "Marca": "Pingo Doce",
        "Preco": 2.59,
        "Unidade_Info": "12 Ro | 0,22 €/Ro",
        "Categorias_GTM": "Higiene Pessoal e Beleza, Papel Higiénico e Toalhitas, As Nossas Marcas, Pingo Doce, Categoria Referência SFCC",
        "Data_Coleta": "2025-06-01 02:14:54"
    },
    {
        "ID_Produto": "860118",
        "Categoria_Scraping": "higiene pessoal e beleza",
        "Nome": "Pasta de Dentes Total Original",
        "Marca": "Colgate",
        "Preco": 6.64,
        "Unidade_Info": "0.15 L | 44,27 €/L",
        "Categorias_GTM": "Higiene Oral, Higiene Pessoal e Beleza, Pasta de Dentes, Categoria Referência SFCC",
        "Data_Coleta": "2025-06-01 02:14:54"
    },
    {
        "ID_Produto": "943067",
        "Categoria_Scraping": "higiene pessoal e beleza",
        "Nome": "Pensos Incontinência Clássico Super",
        "Marca": "Pingo Doce",
        "Preco": 5.79,
        "Unidade_Info": "26 Un | 0,22 €/Un",
        "Categorias_GTM": "As Nossas Marcas, Pingo Doce, Fraldas e Cuecas, Categoria Referência SFCC, Incontinência",
        "Data_Coleta": "2025-06-01 02:14:54"
    },
    {
        "ID_Produto": "701789",
        "Categoria_Scraping": "higiene pessoal e beleza",
        "Nome": "Toalhitas Incontinência",
        "Marca": "Pingo Doce",
        "Preco": 2.89,
        "Unidade_Info": "60 Un | 0,05 €/Un",
        "Categorias_GTM": "As Nossas Marcas, Pingo Doce, Categoria Referência SFCC, Fraldas e Cuecas, Higiene Pessoal e Beleza",
        "Data_Coleta": "2025-06-01 02:14:54"
    },
    {
        "ID_Produto": "753834",
        "Categoria_Scraping": "higiene pessoal e beleza",
        "Nome": "Álcool Etílico 96% Volume",
        "Marca": "Pingo Doce",
        "Preco": 0.95,
        "Unidade_Info": "0.25 L | 3,8 €/L",
        "Categorias_GTM": "Cuidados de Saúde, Higiene Pessoal e Beleza, Categoria Referência SFCC, As Nossas Marcas, Pingo Doce",
        "Data_Coleta": "2025-06-01 02:15:00"
    },
    {
        "ID_Produto": "971182",
        "Categoria_Scraping": "higiene pessoal e beleza",
        "Nome": "Champô Anticaspa Classic 2 em 1",
        "Marca": "Head&Shoulders",
        "Preco": 9.94,
        "Unidade_Info": "0.8 L | 12,43 €/L",
        "Categorias_GTM": "Poupe Esta Semana, Promoções, Cabelo, Champô, Higiene Pessoal e Beleza",
        "Data_Coleta": "2025-06-01 02:15:00"
    },
    {
        "ID_Produto": "859759",
        "Categoria_Scraping": "higiene pessoal e beleza",
        "Nome": "Champô Cuidado Clássico",
        "Marca": "Tresemme",
        "Preco": 5.99,
        "Unidade_Info": "0.9 L | 6,66 €/L",
        "Categorias_GTM": "Cabelo, Champô, Higiene Pessoal e Beleza, Promoções, Poupe Esta Semana",
        "Data_Coleta": "2025-06-01 02:15:00"
    },
    {
        "ID_Produto": "965282",
        "Categoria_Scraping": "higiene pessoal e beleza",
        "Nome": "Champô Elvive Hidra Hialurónico",
        "Marca": "Elvive",
        "Preco": 9.34,
        "Unidade_Info": "1 L | 9,34 €/L",
        "Categorias_GTM": "Cabelo, Champô, Higiene Pessoal e Beleza, Poupe Esta Semana, Promoções",
        "Data_Coleta": "2025-06-01 02:15:00"
    },
    {
        "ID_Produto": "984330",
        "Categoria_Scraping": "higiene pessoal e beleza",
        "Nome": "Champô Pro-V Active Nutri-Plex Repara e Protege",
        "Marca": "Pantene",
        "Preco": 9.44,
        "Unidade_Info": "0.8 L | 11,8 €/L",
        "Categorias_GTM": "Cabelo, Champô, Higiene Pessoal e Beleza, Promoções, Poupe Esta Semana",
        "Data_Coleta": "2025-06-01 02:15:00"
    },
    {
        "ID_Produto": "937120",
        "Categoria_Scraping": "higiene pessoal e beleza",
        "Nome": "Champô Ultra Suave Camomila",
        "Marca": "Ultra Suave",
        "Preco": 3.79,
        "Unidade_Info": "0.4 L | 9,48 €/L",
        "Categorias_GTM": "Cabelo, Champô, Higiene Pessoal e Beleza, Promoções, Categoria Referência SFCC",
        "Data_Coleta": "2025-06-01 02:15:00"
    },
    {
        "ID_Produto": "983941",
        "Categoria_Scraping": "higiene pessoal e beleza",
        "Nome": "Condicionador Pro-V Active Nutri-Plex Repara e Protege",
        "Marca": "Pantene",
        "Preco": 9.44,
        "Unidade_Info": "0.8 L | 11,8 €/L",
        "Categorias_GTM": "Cabelo, Condicionador, Higiene Pessoal e Beleza, Promoções, Poupe Esta Semana",
        "Data_Coleta": "2025-06-01 02:15:00"
    },
    {
        "ID_Produto": "878203",
        "Categoria_Scraping": "higiene pessoal e beleza",
        "Nome": "Cotonetes",
        "Marca": "Pingo Doce",
        "Preco": 0.59,
        "Unidade_Info": "200 Un | 0 €/Un",
        "Categorias_GTM": "Algodão, Compressas e Cotonetes, Cuidados de Saúde, Higiene Pessoal e Beleza, As Nossas Marcas, Pingo Doce",
        "Data_Coleta": "2025-06-01 02:15:00"
    },
    {
        "ID_Produto": "930180",
        "Categoria_Scraping": "higiene pessoal e beleza",
        "Nome": "Cueca Inco Discreta Medio Pd 10un",
        "Marca": "Pingo Doce",
        "Preco": 8.39,
        "Unidade_Info": "10 Un | 0,84 €/Un",
        "Categorias_GTM": "Fraldas e Cuecas, Higiene Pessoal e Beleza, Incontinência, As Nossas Marcas, Pingo Doce",
        "Data_Coleta": "2025-06-01 02:15:00"
    },
    {
        "ID_Produto": "930197",
        "Categoria_Scraping": "higiene pessoal e beleza",
        "Nome": "Cueca Incontinência Homem Tamanho Grande",
        "Marca": "Pingo Doce",
        "Preco": 8.79,
        "Unidade_Info": "10 Un | 0,88 €/Un",
        "Categorias_GTM": "Fraldas e Cuecas, Higiene Pessoal e Beleza, Incontinência, As Nossas Marcas, Pingo Doce",
        "Data_Coleta": "2025-06-01 02:15:00"
    },
    {
        "ID_Produto": "943472",
        "Categoria_Scraping": "higiene pessoal e beleza",
        "Nome": "Cueca Incontinência Tamanho Pequeno",
        "Marca": "Pingo Doce",
        "Preco": 8.9,
        "Unidade_Info": "14 Un | 0,64 €/Un",
        "Categorias_GTM": "Categoria Referência SFCC, Fraldas e Cuecas, Higiene Pessoal e Beleza, Incontinência, As Nossas Marcas",
        "Data_Coleta": "2025-06-01 02:15:00"
    },
    {
        "ID_Produto": "904170",
        "Categoria_Scraping": "higiene pessoal e beleza",
        "Nome": "Cuecas de Incontinência Pants Plus Tamanho Extra Grande",
        "Marca": "Tena",
        "Preco": 14.99,
        "Unidade_Info": "12 Un | 1,25 €/Un",
        "Categorias_GTM": "Fraldas e Cuecas, Higiene Pessoal e Beleza, Incontinência, Poupe Esta Semana, Categoria Referência SFCC",
        "Data_Coleta": "2025-06-01 02:15:00"
    },
    {
        "ID_Produto": "802793",
        "Categoria_Scraping": "higiene pessoal e beleza",
        "Nome": "Cuecas Incontinência Discreet Tamanho Grande",
        "Marca": "Ausonia",
        "Preco": 7.49,
        "Unidade_Info": "8 Un | 0,94 €/Un",
        "Categorias_GTM": "Fraldas e Cuecas, Higiene Pessoal e Beleza, Incontinência, Poupe Esta Semana, Promoções",
        "Data_Coleta": "2025-06-01 02:15:05"
    },
    {
        "ID_Produto": "802801",
        "Categoria_Scraping": "higiene pessoal e beleza",
        "Nome": "Cuecas Incontinência Discreet Tamanho Médio",
        "Marca": "Ausonia",
        "Preco": 7.49,
        "Unidade_Info": "9 Un | 0,83 €/Un",
        "Categorias_GTM": "Fraldas e Cuecas, Higiene Pessoal e Beleza, Incontinência, Promoções, Poupe Esta Semana",
        "Data_Coleta": "2025-06-01 02:15:05"
    },
    {
        "ID_Produto": "766097",
        "Categoria_Scraping": "higiene pessoal e beleza",
        "Nome": "Cuecas Incontinência Pants Super Large",
        "Marca": "Tena",
        "Preco": 15.59,
        "Unidade_Info": "14 Un | 1,11 €/Un",
        "Categorias_GTM": "Fraldas e Cuecas, Higiene Pessoal e Beleza, Incontinência, Categoria Referência SFCC, Poupe Esta Semana",
        "Data_Coleta": "2025-06-01 02:15:05"
    },
    {
        "ID_Produto": "766084",
        "Categoria_Scraping": "higiene pessoal e beleza",
        "Nome": "Cuecas Incontinência Pants Super Medium",
        "Marca": "Tena",
        "Preco": 13.98,
        "Unidade_Info": "12 Un | 1,17 €/Un",
        "Categorias_GTM": "Fraldas e Cuecas, Higiene Pessoal e Beleza, Incontinência, Poupe Esta Semana, Promoções",
        "Data_Coleta": "2025-06-01 02:15:05"
    },
    {
        "ID_Produto": "746255",
        "Categoria_Scraping": "higiene pessoal e beleza",
        "Nome": "Cuecas Incontinência Tamanho Médio",
        "Marca": "Tena",
        "Preco": 11.24,
        "Unidade_Info": "14 Un | 0,8 €/Un",
        "Categorias_GTM": "Categoria Referência SFCC, Fraldas e Cuecas, Higiene Pessoal e Beleza, Incontinência, Poupe Esta Semana",
        "Data_Coleta": "2025-06-01 02:15:05"
    },
    {
        "ID_Produto": "703061",
        "Categoria_Scraping": "higiene pessoal e beleza",
        "Nome": "Desodorizante em Spray Invisible Black&White Original",
        "Marca": "Nivea",
        "Preco": 2.64,
        "Unidade_Info": "0.15 L | 17,6 €/L",
        "Categorias_GTM": "Categoria Referência SFCC, Corpo, Desodorizantes, Higiene Pessoal e Beleza, Poupe Esta Semana",
        "Data_Coleta": "2025-06-01 02:15:05"
    },
    {
        "ID_Produto": "826273",
        "Categoria_Scraping": "higiene pessoal e beleza",
        "Nome": "Desodorizante Spray Original 48H",
        "Marca": "Dove",
        "Preco": 4.99,
        "Unidade_Info": "0.15 L | 33,27 €/L",
        "Categorias_GTM": "Corpo, Desodorizantes, Higiene Pessoal e Beleza, Categoria Referência SFCC",
        "Data_Coleta": "2025-06-01 02:15:05"
    },
    {
        "ID_Produto": "748388",
        "Categoria_Scraping": "higiene pessoal e beleza",
        "Nome": "Elixir Bucal Triple Action",
        "Marca": "Colgate",
        "Preco": 3.74,
        "Unidade_Info": "0.5 L | 7,48 €/L",
        "Categorias_GTM": "Poupe Esta Semana, Categoria Referência SFCC, Elixir, Higiene Oral, Higiene Pessoal e Beleza",
        "Data_Coleta": "2025-06-01 02:15:05"
    },
    {
        "ID_Produto": "984295",
        "Categoria_Scraping": "higiene pessoal e beleza",
        "Nome": "Fraldas Incontinência Absorção Super Tamanho Grande",
        "Marca": "Pingo Doce",
        "Preco": 9.99,
        "Unidade_Info": "20 Un | 0,5 €/Un",
        "Categorias_GTM": "Fraldas e Cuecas, Higiene Pessoal e Beleza, Incontinência, As Nossas Marcas, Pingo Doce",
        "Data_Coleta": "2025-06-01 02:15:05"
    },
    {
        "ID_Produto": "744828",
        "Categoria_Scraping": "higiene pessoal e beleza",
        "Nome": "Fraldas Incontinência Elásticas Noite Tamanho Grande",
        "Marca": "Lindor",
        "Preco": 23.79,
        "Unidade_Info": "46 Un | 0,52 €/Un",
        "Categorias_GTM": "Promoções, Categoria Referência SFCC, Fraldas e Cuecas, Higiene Pessoal e Beleza, Incontinência",
        "Data_Coleta": "2025-06-01 02:15:05"
    },
    {
        "ID_Produto": "744827",
        "Categoria_Scraping": "higiene pessoal e beleza",
        "Nome": "Fraldas Incontinência Elásticas Noite Tamanho Médio",
        "Marca": "Lindor",
        "Preco": 23.79,
        "Unidade_Info": "52 Un | 0,46 €/Un",
        "Categorias_GTM": "Categoria Referência SFCC, Fraldas e Cuecas, Higiene Pessoal e Beleza, Incontinência, Poupe Esta Semana",
        "Data_Coleta": "2025-06-01 02:15:05"
    },
    {
        "ID_Produto": "748143",
        "Categoria_Scraping": "higiene pessoal e beleza",
        "Nome": "Gel de Banho Creme Care",
        "Marca": "Nivea",
        "Preco": 3.99,
        "Unidade_Info": "0.75 L | 5,32 €/L",
        "Categorias_GTM": "Corpo, Gel de Banho, Higiene Pessoal e Beleza, Categoria Referência SFCC, Poupe Este Fim De Semana",
        "Data_Coleta": "2025-06-01 02:15:05"
    },
    {
        "ID_Produto": "766025",
        "Categoria_Scraping": "higiene pessoal e beleza",
        "Nome": "Gel de Banho Creme Smooth",
        "Marca": "Nivea",
        "Preco": 3.99,
        "Unidade_Info": "0.75 L | 5,32 €/L",
        "Categorias_GTM": "Categoria Referência SFCC, Corpo, Gel de Banho, Higiene Pessoal e Beleza, Poupe Esta Semana",
        "Data_Coleta": "2025-06-01 02:15:11"
    },
    {
        "ID_Produto": "967693",
        "Categoria_Scraping": "higiene pessoal e beleza",
        "Nome": "Gel de Banho Flor de Laranjeira",
        "Marca": "Pingo Doce",
        "Preco": 1.84,
        "Unidade_Info": "1 L | 1,84 €/L",
        "Categorias_GTM": "Corpo, Gel de Banho, Higiene Pessoal e Beleza, As Nossas Marcas, Pingo Doce",
        "Data_Coleta": "2025-06-01 02:15:11"
    },
    {
        "ID_Produto": "974011",
        "Categoria_Scraping": "higiene pessoal e beleza",
        "Nome": "Gel de Banho Fresh Care",
        "Marca": "Dove",
        "Preco": 6.39,
        "Unidade_Info": "0.72 L | 8,88 €/L",
        "Categorias_GTM": "Corpo, Higiene Pessoal e Beleza, Gel de Banho, Categoria Referência SFCC",
        "Data_Coleta": "2025-06-01 02:15:11"
    },
    {
        "ID_Produto": "966605",
        "Categoria_Scraping": "higiene pessoal e beleza",
        "Nome": "Gel de Banho Frutado",
        "Marca": "Pingo Doce",
        "Preco": 1.05,
        "Unidade_Info": "1 L | 1,05 €/L",
        "Categorias_GTM": "Corpo, Gel de Banho, Higiene Pessoal e Beleza, As Nossas Marcas, Pingo Doce",
        "Data_Coleta": "2025-06-01 02:15:11"
    },
    {
        "ID_Produto": "804326",
        "Categoria_Scraping": "higiene pessoal e beleza",
        "Nome": "Gel de Banho Lactourea",
        "Marca": "Lactovit",
        "Preco": 2.99,
        "Unidade_Info": "0.65 L | 4,6 €/L",
        "Categorias_GTM": "Poupe Esta Semana, Categoria Referência SFCC, Promoções, Corpo, Gel de Banho",
        "Data_Coleta": "2025-06-01 02:15:11"
    },
    {
        "ID_Produto": "967692",
        "Categoria_Scraping": "higiene pessoal e beleza",
        "Nome": "Gel de Banho Leite e Mel",
        "Marca": "Pingo Doce",
        "Preco": 1.84,
        "Unidade_Info": "1 L | 1,84 €/L",
        "Categorias_GTM": "Corpo, Gel de Banho, Higiene Pessoal e Beleza, As Nossas Marcas, Pingo Doce",
        "Data_Coleta": "2025-06-01 02:15:11"
    },
    {
        "ID_Produto": "967372",
        "Categoria_Scraping": "higiene pessoal e beleza",
        "Nome": "Gel de Banho Mel e Coco",
        "Marca": "Pingo Doce",
        "Preco": 1.84,
        "Unidade_Info": "1 L | 1,84 €/L",
        "Categorias_GTM": "Corpo, Gel de Banho, Higiene Pessoal e Beleza, Pingo Doce, As Nossas Marcas",
        "Data_Coleta": "2025-06-01 02:15:11"
    },
    {
        "ID_Produto": "967694",
        "Categoria_Scraping": "higiene pessoal e beleza",
        "Nome": "Gel de Banho Natura Hidratante",
        "Marca": "Pingo Doce",
        "Preco": 1.84,
        "Unidade_Info": "1 L | 1,84 €/L",
        "Categorias_GTM": "Corpo, Gel de Banho, Higiene Pessoal e Beleza, As Nossas Marcas, Pingo Doce",
        "Data_Coleta": "2025-06-01 02:15:11"
    },
    {
        "ID_Produto": "974021",
        "Categoria_Scraping": "higiene pessoal e beleza",
        "Nome": "Gel de Banho Silk Velvet",
        "Marca": "Dove",
        "Preco": 6.39,
        "Unidade_Info": "0.72 L | 8,88 €/L",
        "Categorias_GTM": "Corpo, Gel de Banho, Higiene Pessoal e Beleza, Categoria Referência SFCC",
        "Data_Coleta": "2025-06-01 02:15:11"
    },
    {
        "ID_Produto": "869772",
        "Categoria_Scraping": "higiene pessoal e beleza",
        "Nome": "Gel Íntimo Suave",
        "Marca": "Corine de Farme",
        "Preco": 5.29,
        "Unidade_Info": "0.25 L | 21,16 €/L",
        "Categorias_GTM": "Categoria Referência SFCC, Gel Íntimo e Toalhitas, Higiene Íntima, Higiene Pessoal e Beleza",
        "Data_Coleta": "2025-06-01 02:15:11"
    },
    {
        "ID_Produto": "436848",
        "Categoria_Scraping": "higiene pessoal e beleza",
        "Nome": "Lenços de Bolso Sensitive",
        "Marca": "Renova",
        "Preco": 2.98,
        "Unidade_Info": "24 Un | 0,12 €/Un",
        "Categorias_GTM": "Higiene Pessoal e Beleza, Lenços de Papel, Categoria Referência SFCC",
        "Data_Coleta": "2025-06-01 02:15:11"
    },
    {
        "ID_Produto": "960483",
        "Categoria_Scraping": "higiene pessoal e beleza",
        "Nome": "Lenços Faciais",
        "Marca": "Suavecel",
        "Preco": 0.89,
        "Unidade_Info": "150 Un | 0,01 €/Un",
        "Categorias_GTM": "Higiene Pessoal e Beleza, Lenços de Papel, Categoria Referência SFCC",
        "Data_Coleta": "2025-06-01 02:15:11"
    },
    {
        "ID_Produto": "669568",
        "Categoria_Scraping": "higiene pessoal e beleza",
        "Nome": "Loção Íntima Sensitive",
        "Marca": "Dystron",
        "Preco": 3.59,
        "Unidade_Info": "0.2 L | 17,95 €/L",
        "Categorias_GTM": "Categoria Referência SFCC, Poupe Esta Semana, Promoções, Higiene Íntima, Higiene Pessoal e Beleza",
        "Data_Coleta": "2025-06-01 02:15:17"
    },
    {
        "ID_Produto": "660419",
        "Categoria_Scraping": "higiene pessoal e beleza",
        "Nome": "Papel Higénico 2 Folhas Extra XXL 18=45 Rolos",
        "Marca": "Renova",
        "Preco": 8.88,
        "Unidade_Info": "18 Ro | 0,49 €/Ro",
        "Categorias_GTM": "Higiene Pessoal e Beleza, Papel Higiénico e Toalhitas, Categoria Referência SFCC, Poupe Esta Semana, Promoções",
        "Data_Coleta": "2025-06-01 02:15:17"
    },
    {
        "ID_Produto": "756498",
        "Categoria_Scraping": "higiene pessoal e beleza",
        "Nome": "Papel Higiénico 3 Folhas Acolchoado",
        "Marca": "Scottex",
        "Preco": 5.99,
        "Unidade_Info": "9 Un | 0,67 €/Un",
        "Categorias_GTM": "Categoria Referência SFCC, Higiene Pessoal e Beleza, Papel Higiénico e Toalhitas",
        "Data_Coleta": "2025-06-01 02:15:17"
    },
    {
        "ID_Produto": "819949",
        "Categoria_Scraping": "higiene pessoal e beleza",
        "Nome": "Pasta de Dentes Anti-Tártaro Branqueadora",
        "Marca": "Colgate",
        "Preco": 2.24,
        "Unidade_Info": "0.075 L | 29,87 €/L",
        "Categorias_GTM": "Higiene Oral, Higiene Pessoal e Beleza, Pasta de Dentes, Categoria Referência SFCC",
        "Data_Coleta": "2025-06-01 02:15:17"
    },
    {
        "ID_Produto": "756084",
        "Categoria_Scraping": "higiene pessoal e beleza",
        "Nome": "Pasta de Dentes Aquafresh Active White",
        "Marca": "Aquafresh",
        "Preco": 3.89,
        "Unidade_Info": "0.125 L | 31,12 €/L",
        "Categorias_GTM": "Categoria Referência SFCC, Higiene Oral, Higiene Pessoal e Beleza, Pasta de Dentes",
        "Data_Coleta": "2025-06-01 02:15:17"
    },
    {
        "ID_Produto": "557642",
        "Categoria_Scraping": "higiene pessoal e beleza",
        "Nome": "Pasta de Dentes Branqueadora",
        "Marca": "Sensodyne",
        "Preco": 4.29,
        "Unidade_Info": "0.075 L | 57,2 €/L",
        "Categorias_GTM": "Categoria Referência SFCC, Higiene Oral, Higiene Pessoal e Beleza, Pasta de Dentes",
        "Data_Coleta": "2025-06-01 02:15:17"
    },
    {
        "ID_Produto": "903866",
        "Categoria_Scraping": "higiene pessoal e beleza",
        "Nome": "Pasta de Dentes Branqueadora",
        "Marca": "Parodontax",
        "Preco": 5.99,
        "Unidade_Info": "0.075 L | 79,87 €/L",
        "Categorias_GTM": "Higiene Oral, Higiene Pessoal e Beleza, Pasta de Dentes, Categoria Referência SFCC",
        "Data_Coleta": "2025-06-01 02:15:17"
    },
    {
        "ID_Produto": "903867",
        "Categoria_Scraping": "higiene pessoal e beleza",
        "Nome": "Pasta de Dentes Cuidado Diário",
        "Marca": "Parodontax",
        "Preco": 5.99,
        "Unidade_Info": "0.075 L | 79,87 €/L",
        "Categorias_GTM": "Higiene Oral, Higiene Pessoal e Beleza, Pasta de Dentes, Categoria Referência SFCC",
        "Data_Coleta": "2025-06-01 02:15:17"
    },
    {
        "ID_Produto": "53897",
        "Categoria_Scraping": "higiene pessoal e beleza",
        "Nome": "Pasta de Dentes Dentagard",
        "Marca": "Colgate",
        "Preco": 2.49,
        "Unidade_Info": "0.075 L | 33,2 €/L",
        "Categorias_GTM": "Higiene Oral, Higiene Pessoal e Beleza, Pasta de Dentes, Categoria Referência SFCC",
        "Data_Coleta": "2025-06-01 02:15:17"
    },
    {
        "ID_Produto": "967868",
        "Categoria_Scraping": "higiene pessoal e beleza",
        "Nome": "Pasta de Dentes Fresh Gel",
        "Marca": "Colgate",
        "Preco": 3.49,
        "Unidade_Info": "0.15 L | 23,27 €/L",
        "Categorias_GTM": "Higiene Oral, Higiene Pessoal e Beleza, Pasta de Dentes, Promoções, Poupe Esta Semana",
        "Data_Coleta": "2025-06-01 02:15:17"
    },
    {
        "ID_Produto": "748240",
        "Categoria_Scraping": "higiene pessoal e beleza",
        "Nome": "Pasta de Dentes Maximum Protection Cáries",
        "Marca": "Colgate",
        "Preco": 3.09,
        "Unidade_Info": "0.075 L | 41,2 €/L",
        "Categorias_GTM": "Categoria Referência SFCC, Higiene Oral, Higiene Pessoal e Beleza, Pasta de Dentes",
        "Data_Coleta": "2025-06-01 02:15:17"
    },
    {
        "ID_Produto": "575355",
        "Categoria_Scraping": "higiene pessoal e beleza",
        "Nome": "Pasta de Dentes Max White Fresh",
        "Marca": "Colgate",
        "Preco": 1.99,
        "Unidade_Info": "0.075 L | 26,53 €/L",
        "Categorias_GTM": "Promoções, Categoria Referência SFCC, Higiene Oral, Higiene Pessoal e Beleza, Pasta de Dentes",
        "Data_Coleta": "2025-06-01 02:15:17"
    },
    {
        "ID_Produto": "815887",
        "Categoria_Scraping": "higiene pessoal e beleza",
        "Nome": "Pasta de Dentes Multicare",
        "Marca": "Sensodyne",
        "Preco": 5.99,
        "Unidade_Info": "0.15 L | 39,93 €/L",
        "Categorias_GTM": "Poupe Esta Semana, Higiene Oral, Higiene Pessoal e Beleza, Pasta de Dentes, Promoções",
        "Data_Coleta": "2025-06-01 02:15:22"
    },
    {
        "ID_Produto": "976882",
        "Categoria_Scraping": "higiene pessoal e beleza",
        "Nome": "Pasta de Dentes Pro-Expert Proteção Profissional",
        "Marca": "Oral-B",
        "Preco": 5.19,
        "Unidade_Info": "0.15 L | 34,6 €/L",
        "Categorias_GTM": "Promoções, Higiene Oral, Higiene Pessoal e Beleza, Pasta de Dentes, Poupe Esta Semana",
        "Data_Coleta": "2025-06-01 02:15:22"
    },
    {
        "ID_Produto": "857719",
        "Categoria_Scraping": "higiene pessoal e beleza",
        "Nome": "Pasta de Dentes Proteção de Cáries Branqueadora",
        "Marca": "Aquafresh",
        "Preco": 3.49,
        "Unidade_Info": "0.15 L | 23,27 €/L",
        "Categorias_GTM": "Promoções, Higiene Oral, Higiene Pessoal e Beleza, Pasta de Dentes, Poupe Esta Semana",
        "Data_Coleta": "2025-06-01 02:15:22"
    },
    {
        "ID_Produto": "724260",
        "Categoria_Scraping": "higiene pessoal e beleza",
        "Nome": "Pasta de Dentes Proteção Profissional Pro-Expert",
        "Marca": "Oral-B",
        "Preco": 2.99,
        "Unidade_Info": "0.075 L | 39,87 €/L",
        "Categorias_GTM": "Categoria Referência SFCC, Promoções, Higiene Oral, Higiene Pessoal e Beleza, Pasta de Dentes",
        "Data_Coleta": "2025-06-01 02:15:22"
    },
    {
        "ID_Produto": "974325",
        "Categoria_Scraping": "higiene pessoal e beleza",
        "Nome": "Pasta de Dentes Proteção Total Original",
        "Marca": "Colgate",
        "Preco": 2.89,
        "Unidade_Info": "0.075 L | 38,53 €/L",
        "Categorias_GTM": "Higiene Oral, Higiene Pessoal e Beleza, Pasta de Dentes, Categoria Referência SFCC",
        "Data_Coleta": "2025-06-01 02:15:22"
    },
    {
        "ID_Produto": "670931",
        "Categoria_Scraping": "higiene pessoal e beleza",
        "Nome": "Pasta de Dentes Repair & Protect",
        "Marca": "Sensodyne",
        "Preco": 4.19,
        "Unidade_Info": "0.075 L | 55,87 €/L",
        "Categorias_GTM": "Categoria Referência SFCC, Higiene Pessoal e Beleza, Higiene Oral, Pasta de Dentes",
        "Data_Coleta": "2025-06-01 02:15:22"
    },
    {
        "ID_Produto": "269992",
        "Categoria_Scraping": "higiene pessoal e beleza",
        "Nome": "Pasta de Dentes Sensation Branqueador",
        "Marca": "Colgate",
        "Preco": 3.09,
        "Unidade_Info": "0.075 L | 41,2 €/L",
        "Categorias_GTM": "Higiene Oral, Higiene Pessoal e Beleza, Pasta de Dentes, Categoria Referência SFCC",
        "Data_Coleta": "2025-06-01 02:15:22"
    },
    {
        "ID_Produto": "879048",
        "Categoria_Scraping": "higiene pessoal e beleza",
        "Nome": "Pasta de Dentes Sensibilidade & Gengivas",
        "Marca": "Sensodyne",
        "Preco": 3.94,
        "Unidade_Info": "0.075 L | 52,53 €/L",
        "Categorias_GTM": "Higiene Oral, Higiene Pessoal e Beleza, Pasta de Dentes, Categoria Referência SFCC, Poupe Esta Semana",
        "Data_Coleta": "2025-06-01 02:15:22"
    },
    {
        "ID_Produto": "724261",
        "Categoria_Scraping": "higiene pessoal e beleza",
        "Nome": "Pasta de Dentes Sensibilidade e Branqueamento Pro-Expert",
        "Marca": "Oral-B",
        "Preco": 2.99,
        "Unidade_Info": "0.075 L | 39,87 €/L",
        "Categorias_GTM": "Poupe Esta Semana, Categoria Referência SFCC, Higiene Oral, Higiene Pessoal e Beleza, Pasta de Dentes",
        "Data_Coleta": "2025-06-01 02:15:22"
    },
    {
        "ID_Produto": "777137",
        "Categoria_Scraping": "higiene pessoal e beleza",
        "Nome": "Pasta de Dentes Total Branqueadora",
        "Marca": "Colgate",
        "Preco": 6.64,
        "Unidade_Info": "0.15 L | 44,27 €/L",
        "Categorias_GTM": "Categoria Referência SFCC, Higiene Oral, Higiene Pessoal e Beleza, Pasta de Dentes",
        "Data_Coleta": "2025-06-01 02:15:22"
    },
    {
        "ID_Produto": "681144",
        "Categoria_Scraping": "higiene pessoal e beleza",
        "Nome": "Penso Diário Salvaslip Maxi",
        "Marca": "Evax",
        "Preco": 4.14,
        "Unidade_Info": "60 Un | 0,07 €/Un",
        "Categorias_GTM": "Categoria Referência SFCC, Higiene Íntima, Higiene Pessoal e Beleza, Pensos Diários",
        "Data_Coleta": "2025-06-01 02:15:22"
    },
    {
        "ID_Produto": "844602",
        "Categoria_Scraping": "higiene pessoal e beleza",
        "Nome": "Penso Higiénico Liberty com Abas Normal",
        "Marca": "Evax",
        "Preco": 2.79,
        "Unidade_Info": "12 Un | 0,23 €/Un",
        "Categorias_GTM": "Categoria Referência SFCC, Poupe Esta Semana, Promoções, Poupe Este Fim De Semana, Higiene Íntima",
        "Data_Coleta": "2025-06-01 02:15:22"
    },
    {
        "ID_Produto": "878170",
        "Categoria_Scraping": "higiene pessoal e beleza",
        "Nome": "Penso Higiénico Normal com Abas",
        "Marca": "Pingo Doce",
        "Preco": 1.99,
        "Unidade_Info": "28 Un | 0,07 €/Un",
        "Categorias_GTM": "As Nossas Marcas, Pingo Doce, Higiene Íntima, Higiene Pessoal e Beleza, Pensos Higiénicos",
        "Data_Coleta": "2025-06-01 02:15:28"
    },
    {
        "ID_Produto": "571961",
        "Categoria_Scraping": "higiene pessoal e beleza",
        "Nome": "Penso Higiénico Normal com Abas",
        "Marca": "Evax",
        "Preco": 4.89,
        "Unidade_Info": "32 Un | 0,15 €/Un",
        "Categorias_GTM": "Categoria Referência SFCC, Higiene Íntima, Higiene Pessoal e Beleza, Pensos Higiénicos",
        "Data_Coleta": "2025-06-01 02:15:28"
    },
    {
        "ID_Produto": "878220",
        "Categoria_Scraping": "higiene pessoal e beleza",
        "Nome": "Penso Higiénico Super com Abas",
        "Marca": "Pingo Doce",
        "Preco": 2.09,
        "Unidade_Info": "24 Un | 0,09 €/Un",
        "Categorias_GTM": "As Nossas Marcas, Pingo Doce, Higiene Íntima, Higiene Pessoal e Beleza, Pensos Higiénicos",
        "Data_Coleta": "2025-06-01 02:15:28"
    },
    {
        "ID_Produto": "578850",
        "Categoria_Scraping": "higiene pessoal e beleza",
        "Nome": "Penso Higiénico Super com Abas",
        "Marca": "Evax",
        "Preco": 4.19,
        "Unidade_Info": "24 Un | 0,17 €/Un",
        "Categorias_GTM": "Categoria Referência SFCC, Higiene Íntima, Higiene Pessoal e Beleza, Pensos Higiénicos",
        "Data_Coleta": "2025-06-01 02:15:28"
    },
    {
        "ID_Produto": "657536",
        "Categoria_Scraping": "higiene pessoal e beleza",
        "Nome": "Penso Higiénico Super Plus com Abas",
        "Marca": "Evax",
        "Preco": 4.99,
        "Unidade_Info": "20 Un | 0,25 €/Un",
        "Categorias_GTM": "Categoria Referência SFCC, Higiene Íntima, Higiene Pessoal e Beleza, Pensos Higiénicos",
        "Data_Coleta": "2025-06-01 02:15:28"
    },
    {
        "ID_Produto": "831465",
        "Categoria_Scraping": "higiene pessoal e beleza",
        "Nome": "Penso Incontinência Discreta Extra",
        "Marca": "Pingo Doce",
        "Preco": 3.19,
        "Unidade_Info": "20 Un | 0,16 €/Un",
        "Categorias_GTM": "As Nossas Marcas, Pingo Doce, Categoria Referência SFCC, Fraldas e Cuecas, Higiene Pessoal e Beleza",
        "Data_Coleta": "2025-06-01 02:15:28"
    },
    {
        "ID_Produto": "831522",
        "Categoria_Scraping": "higiene pessoal e beleza",
        "Nome": "Penso Incontinência Discreta Super",
        "Marca": "Pingo Doce",
        "Preco": 5.79,
        "Unidade_Info": "26 Un | 0,22 €/Un",
        "Categorias_GTM": "As Nossas Marcas, Pingo Doce, Fraldas e Cuecas, Higiene Pessoal e Beleza, Incontinência",
        "Data_Coleta": "2025-06-01 02:15:28"
    },
    {
        "ID_Produto": "956284",
        "Categoria_Scraping": "higiene pessoal e beleza",
        "Nome": "Pensos Higiénicos Cottonlike Noite com Abas",
        "Marca": "Evax",
        "Preco": 4.99,
        "Unidade_Info": "18 Un | 0,28 €/Un",
        "Categorias_GTM": "Categoria Referência SFCC, Higiene Íntima, Higiene Pessoal e Beleza, Pensos Higiénicos",
        "Data_Coleta": "2025-06-01 02:15:28"
    },
    {
        "ID_Produto": "942112",
        "Categoria_Scraping": "higiene pessoal e beleza",
        "Nome": "Pensos Higiénicos Cottonlike Noite Extra com Abas",
        "Marca": "Evax",
        "Preco": 4.99,
        "Unidade_Info": "16 Un | 0,31 €/Un",
        "Categorias_GTM": "Higiene Íntima, Higiene Pessoal e Beleza, Pensos Higiénicos, Categoria Referência SFCC",
        "Data_Coleta": "2025-06-01 02:15:28"
    },
    {
        "ID_Produto": "45714",
        "Categoria_Scraping": "higiene pessoal e beleza",
        "Nome": "Pensos Incontinência Lady Super Tena",
        "Marca": "Tena",
        "Preco": 12.74,
        "Unidade_Info": "30 Un | 0,42 €/Un",
        "Categorias_GTM": "Categoria Referência SFCC, Fraldas e Cuecas, Higiene Pessoal e Beleza, Incontinência, Poupe Esta Semana",
        "Data_Coleta": "2025-06-01 02:15:28"
    },
    {
        "ID_Produto": "702836",
        "Categoria_Scraping": "higiene pessoal e beleza",
        "Nome": "Pensos Incontinência Maxi Night",
        "Marca": "Tena",
        "Preco": 6.34,
        "Unidade_Info": "12 Un | 0,53 €/Un",
        "Categorias_GTM": "Poupe Esta Semana, Categoria Referência SFCC, Fraldas e Cuecas, Higiene Pessoal e Beleza, Incontinência",
        "Data_Coleta": "2025-06-01 02:15:28"
    },
    {
        "ID_Produto": "878217",
        "Categoria_Scraping": "higiene pessoal e beleza",
        "Nome": "Protetor Diário Diário Normal",
        "Marca": "Pingo Doce",
        "Preco": 1.69,
        "Unidade_Info": "64 Un | 0,03 €/Un",
        "Categorias_GTM": "As Nossas Marcas, Pingo Doce, Higiene Íntima, Higiene Pessoal e Beleza, Pensos Diários",
        "Data_Coleta": "2025-06-01 02:15:28"
    },
    {
        "ID_Produto": "766262",
        "Categoria_Scraping": "higiene pessoal e beleza",
        "Nome": "Recarga Escova de Dentes Elétrica Cross Action",
        "Marca": "Oral-B",
        "Preco": 12.74,
        "Unidade_Info": "2 Un | 6,37 €/Un",
        "Categorias_GTM": "Escova de Dentes, Higiene Oral, Higiene Pessoal e Beleza, Categoria Referência SFCC, Poupe Este Fim De Semana",
        "Data_Coleta": "2025-06-01 02:15:34"
    },
    {
        "ID_Produto": "702837",
        "Categoria_Scraping": "higiene pessoal e beleza",
        "Nome": "Resguardo 80x180cm",
        "Marca": "Tena",
        "Preco": 16.99,
        "Unidade_Info": "20 Un | 0,85 €/Un",
        "Categorias_GTM": "Categoria Referência SFCC, Fraldas e Cuecas, Higiene Pessoal e Beleza, Incontinência",
        "Data_Coleta": "2025-06-01 02:15:34"
    },
    {
        "ID_Produto": "945123",
        "Categoria_Scraping": "higiene pessoal e beleza",
        "Nome": "Sabonente Sólido Original",
        "Marca": "Dove",
        "Preco": 1.35,
        "Unidade_Info": "0.09 Kg | 15 €/Kg",
        "Categorias_GTM": "Corpo, Higiene Pessoal e Beleza, Sabonetes, Categoria Referência SFCC",
        "Data_Coleta": "2025-06-01 02:15:34"
    },
    {
        "ID_Produto": "934954",
        "Categoria_Scraping": "higiene pessoal e beleza",
        "Nome": "Sabonete Líquido Recarga Hidratante",
        "Marca": "Pingo Doce",
        "Preco": 1.99,
        "Unidade_Info": "1 L | 1,99 €/L",
        "Categorias_GTM": "As Nossas Marcas, Pingo Doce, Categoria Referência SFCC, Corpo, Higiene Pessoal e Beleza",
        "Data_Coleta": "2025-06-01 02:15:34"
    },
    {
        "ID_Produto": "934953",
        "Categoria_Scraping": "higiene pessoal e beleza",
        "Nome": "Sabonete Líquido Recarga Leite e Mel",
        "Marca": "Pingo Doce",
        "Preco": 1.49,
        "Unidade_Info": "1 L | 1,49 €/L",
        "Categorias_GTM": "As Nossas Marcas, Pingo Doce, Categoria Referência SFCC, Corpo, Higiene Pessoal e Beleza",
        "Data_Coleta": "2025-06-01 02:15:34"
    },
    {
        "ID_Produto": "934955",
        "Categoria_Scraping": "higiene pessoal e beleza",
        "Nome": "Sabonete Líquido Recarga Maçãs Verdes",
        "Marca": "Pingo Doce",
        "Preco": 1.99,
        "Unidade_Info": "1 L | 1,99 €/L",
        "Categorias_GTM": "As Nossas Marcas, Pingo Doce, Categoria Referência SFCC, Corpo, Higiene Pessoal e Beleza",
        "Data_Coleta": "2025-06-01 02:15:34"
    },
    {
        "ID_Produto": "963788",
        "Categoria_Scraping": "higiene pessoal e beleza",
        "Nome": "Aftershave Bálsamo",
        "Marca": "Skino",
        "Preco": 1.95,
        "Unidade_Info": "0.1 L | 19,5 €/L",
        "Categorias_GTM": "Homem, Higiene Pessoal e Beleza, Rosto e Barba, As Nossas Marcas, Skino",
        "Data_Coleta": "2025-06-01 02:15:34"
    },
    {
        "ID_Produto": "961913",
        "Categoria_Scraping": "higiene pessoal e beleza",
        "Nome": "Aftershave Loção",
        "Marca": "Skino",
        "Preco": 1.95,
        "Unidade_Info": "0.1 L | 19,5 €/L",
        "Categorias_GTM": "As Nossas Marcas, Skino, Higiene Pessoal e Beleza, Homem, Rosto e Barba",
        "Data_Coleta": "2025-06-01 02:15:34"
    },
    {
        "ID_Produto": "900971",
        "Categoria_Scraping": "higiene pessoal e beleza",
        "Nome": "Água de Rosas",
        "Marca": "Be Beauty",
        "Preco": 0.59,
        "Unidade_Info": "0.25 L | 2,36 €/L",
        "Categorias_GTM": "As Nossas Marcas, Be Beauty, Categoria Referência SFCC, Cuidados de Saúde, Higiene Pessoal e Beleza",
        "Data_Coleta": "2025-06-01 02:15:34"
    },
    {
        "ID_Produto": "959392",
        "Categoria_Scraping": "higiene pessoal e beleza",
        "Nome": "Água Micelar com Ácido Hialurónico",
        "Marca": "Be Beauty",
        "Preco": 3.19,
        "Unidade_Info": "0.4 L | 7,98 €/L",
        "Categorias_GTM": "As Nossas Marcas, Be Beauty, Higiene Pessoal e Beleza, Limpeza, Rosto",
        "Data_Coleta": "2025-06-01 02:15:34"
    },
    {
        "ID_Produto": "735489",
        "Categoria_Scraping": "higiene pessoal e beleza",
        "Nome": "Água Oxigenada",
        "Marca": "Pingo Doce",
        "Preco": 0.65,
        "Unidade_Info": "0.5 L | 1,3 €/L",
        "Categorias_GTM": "As Nossas Marcas, Pingo Doce, Categoria Referência SFCC, Cuidados de Saúde, Higiene Pessoal e Beleza",
        "Data_Coleta": "2025-06-01 02:15:34"
    },
    {
        "ID_Produto": "915233",
        "Categoria_Scraping": "higiene pessoal e beleza",
        "Nome": "Algodão Bolas Coloridas",
        "Marca": "Pingo Doce",
        "Preco": 0.79,
        "Unidade_Info": "100 Un | 0,01 €/Un",
        "Categorias_GTM": "Higiene Pessoal e Beleza, Maquilhagem, Pingo Doce, As Nossas Marcas, Categoria Referência SFCC",
        "Data_Coleta": "2025-06-01 02:15:34"
    },
    {
        "ID_Produto": "915232",
        "Categoria_Scraping": "higiene pessoal e beleza",
        "Nome": "Algodão Zig Zag Pingo",
        "Marca": "Pingo Doce",
        "Preco": 1.04,
        "Unidade_Info": "0.2 Kg | 5,2 €/Kg",
        "Categorias_GTM": "As Nossas Marcas, Pingo Doce, Categoria Referência SFCC, Higiene Pessoal e Beleza, Maquilhagem",
        "Data_Coleta": "2025-06-01 02:15:41"
    },
    {
        "ID_Produto": "964718",
        "Categoria_Scraping": "higiene pessoal e beleza",
        "Nome": "Almofadas de Hidrogel Anti-Olheiras com Ácido Hialurónico",
        "Marca": "Be Beauty",
        "Preco": 1.49,
        "Unidade_Info": "1 Un | 1,49 €/Un",
        "Categorias_GTM": "As Nossas Marcas, Be Beauty, Higiene Pessoal e Beleza, Limpeza, Rosto",
        "Data_Coleta": "2025-06-01 02:15:41"
    },
    {
        "ID_Produto": "923095",
        "Categoria_Scraping": "higiene pessoal e beleza",
        "Nome": "Banda Adesiva PingoDoce 1 un",
        "Marca": "Pingo Doce",
        "Preco": 0.99,
        "Unidade_Info": "1 Un | 0,99 €/Un",
        "Categorias_GTM": "As Nossas Marcas, Pingo Doce, Categoria Referência SFCC, Cuidados de Saúde, Higiene Pessoal e Beleza",
        "Data_Coleta": "2025-06-01 02:15:41"
    },
    {
        "ID_Produto": "909995",
        "Categoria_Scraping": "higiene pessoal e beleza",
        "Nome": "Bandas Depilatórias para Corpo",
        "Marca": "Be Beauty",
        "Preco": 2.29,
        "Unidade_Info": "20 Un | 0,11 €/Un",
        "Categorias_GTM": "As Nossas Marcas, Be Beauty, Corpo, Depilatórios, Higiene Pessoal e Beleza",
        "Data_Coleta": "2025-06-01 02:15:41"
    },
    {
        "ID_Produto": "912400",
        "Categoria_Scraping": "higiene pessoal e beleza",
        "Nome": "Bandas Depilatórias para Rosto",
        "Marca": "Be Beauty",
        "Preco": 1.39,
        "Unidade_Info": "20 Un | 0,07 €/Un",
        "Categorias_GTM": "Corpo, Depilatórios, Higiene Pessoal e Beleza, As Nossas Marcas, Be Beauty",
        "Data_Coleta": "2025-06-01 02:15:41"
    },
    {
        "ID_Produto": "669060",
        "Categoria_Scraping": "higiene pessoal e beleza",
        "Nome": "Batom Hidratante",
        "Marca": "Pingo Doce",
        "Preco": 1.19,
        "Unidade_Info": "2 Un | 0,6 €/Un",
        "Categorias_GTM": "Categoria Referência SFCC, Higiene Pessoal e Beleza, Lábios, Rosto, As Nossas Marcas",
        "Data_Coleta": "2025-06-01 02:15:41"
    },
    {
        "ID_Produto": "853912",
        "Categoria_Scraping": "higiene pessoal e beleza",
        "Nome": "Batom Hidratante Rosa",
        "Marca": "Pingo Doce",
        "Preco": 1.44,
        "Unidade_Info": "2 Un | 0,72 €/Un",
        "Categorias_GTM": "As Nossas Marcas, Pingo Doce, Categoria Referência SFCC, Higiene Pessoal e Beleza, Lábios",
        "Data_Coleta": "2025-06-01 02:15:41"
    },
    {
        "ID_Produto": "901359",
        "Categoria_Scraping": "higiene pessoal e beleza",
        "Nome": "Body Butter Chá Verde",
        "Marca": "Be Beauty",
        "Preco": 2.69,
        "Unidade_Info": "0.3 L | 8,97 €/L",
        "Categorias_GTM": "Corpo, Hidratação, Higiene Pessoal e Beleza, As Nossas Marcas, Be Beauty",
        "Data_Coleta": "2025-06-01 02:15:41"
    },
    {
        "ID_Produto": "901361",
        "Categoria_Scraping": "higiene pessoal e beleza",
        "Nome": "Body Butter Frutos Silvestres",
        "Marca": "Be Beauty",
        "Preco": 2.69,
        "Unidade_Info": "0.3 L | 8,97 €/L",
        "Categorias_GTM": "Corpo, Hidratação, Higiene Pessoal e Beleza, As Nossas Marcas, Be Beauty",
        "Data_Coleta": "2025-06-01 02:15:41"
    },
    {
        "ID_Produto": "901360",
        "Categoria_Scraping": "higiene pessoal e beleza",
        "Nome": "Body Butter Sakura",
        "Marca": "Be Beauty",
        "Preco": 2.59,
        "Unidade_Info": "0.3 L | 8,63 €/L",
        "Categorias_GTM": "Corpo, Hidratação, Higiene Pessoal e Beleza, As Nossas Marcas, Be Beauty",
        "Data_Coleta": "2025-06-01 02:15:41"
    },
    {
        "ID_Produto": "974096",
        "Categoria_Scraping": "higiene pessoal e beleza",
        "Nome": "Body Glow",
        "Marca": "Be Beauty",
        "Preco": 4.99,
        "Unidade_Info": "0.075 L | 66,53 €/L",
        "Categorias_GTM": "Corpo, Hidratação, Higiene Pessoal e Beleza, As Nossas Marcas, Be Beauty",
        "Data_Coleta": "2025-06-01 02:15:41"
    },
    {
        "ID_Produto": "906479",
        "Categoria_Scraping": "higiene pessoal e beleza",
        "Nome": "Body Mist Chá Verde",
        "Marca": "Be Beauty",
        "Preco": 3.99,
        "Unidade_Info": "0.2 L | 19,95 €/L",
        "Categorias_GTM": "As Nossas Marcas, Be Beauty, Higiene Pessoal e Beleza, Perfumes e Colónias, Categoria Referência SFCC",
        "Data_Coleta": "2025-06-01 02:15:41"
    },
    {
        "ID_Produto": "820157",
        "Categoria_Scraping": "higiene pessoal e beleza",
        "Nome": "Body Spray Dark",
        "Marca": "Skino",
        "Preco": 2.29,
        "Unidade_Info": "0.2 L | 11,45 €/L",
        "Categorias_GTM": "Categoria Referência SFCC, Corpo, Desodorizantes, Higiene Pessoal e Beleza, As Nossas Marcas",
        "Data_Coleta": "2025-06-01 02:15:47"
    },
    {
        "ID_Produto": "765469",
        "Categoria_Scraping": "higiene pessoal e beleza",
        "Nome": "Body Spray Wavy Men",
        "Marca": "Skino",
        "Preco": 2.29,
        "Unidade_Info": "0.2 L | 11,45 €/L",
        "Categorias_GTM": "Desodorizantes, Corpo, Higiene Pessoal e Beleza, As Nossas Marcas, Skino",
        "Data_Coleta": "2025-06-01 02:15:47"
    },
    {
        "ID_Produto": "943408",
        "Categoria_Scraping": "higiene pessoal e beleza",
        "Nome": "Cera Cabelo Efeito Mate",
        "Marca": "Skino",
        "Preco": 2.29,
        "Unidade_Info": "0.075 L | 30,53 €/L",
        "Categorias_GTM": "As Nossas Marcas, Skino, Cabelo, Higiene Pessoal e Beleza, Laca, Espuma e Outros",
        "Data_Coleta": "2025-06-01 02:15:47"
    },
    {
        "ID_Produto": "890636",
        "Categoria_Scraping": "higiene pessoal e beleza",
        "Nome": "Champô Anticaspa",
        "Marca": "Be Beauty",
        "Preco": 1.69,
        "Unidade_Info": "0.3 L | 5,63 €/L",
        "Categorias_GTM": "As Nossas Marcas, Be Beauty, Categoria Referência SFCC, Cabelo, Champô",
        "Data_Coleta": "2025-06-01 02:15:47"
    },
    {
        "ID_Produto": "890634",
        "Categoria_Scraping": "higiene pessoal e beleza",
        "Nome": "Champô Cabelos Brilhantes",
        "Marca": "Be Beauty",
        "Preco": 1.69,
        "Unidade_Info": "0.3 L | 5,63 €/L",
        "Categorias_GTM": "As Nossas Marcas, Be Beauty, Categoria Referência SFCC, Cabelo, Champô",
        "Data_Coleta": "2025-06-01 02:15:47"
    },
    {
        "ID_Produto": "890592",
        "Categoria_Scraping": "higiene pessoal e beleza",
        "Nome": "Champô Caracóis Perfeitos",
        "Marca": "Be Beauty",
        "Preco": 1.69,
        "Unidade_Info": "0.3 L | 5,63 €/L",
        "Categorias_GTM": "As Nossas Marcas, Be Beauty, Categoria Referência SFCC, Cabelo, Champô",
        "Data_Coleta": "2025-06-01 02:15:47"
    },
    {
        "ID_Produto": "967689",
        "Categoria_Scraping": "higiene pessoal e beleza",
        "Nome": "Champô com Ácido Hialurónico",
        "Marca": "Be Beauty",
        "Preco": 1.89,
        "Unidade_Info": "0.3 L | 6,3 €/L",
        "Categorias_GTM": "Cabelo, Champô, Higiene Pessoal e Beleza, As Nossas Marcas, Be Beauty",
        "Data_Coleta": "2025-06-01 02:15:47"
    },
    {
        "ID_Produto": "890570",
        "Categoria_Scraping": "higiene pessoal e beleza",
        "Nome": "Champô Cuidado Diário",
        "Marca": "Be Beauty",
        "Preco": 1.69,
        "Unidade_Info": "0.3 L | 5,63 €/L",
        "Categorias_GTM": "As Nossas Marcas, Be Beauty, Categoria Referência SFCC, Cabelo, Champô",
        "Data_Coleta": "2025-06-01 02:15:47"
    },
    {
        "ID_Produto": "970057",
        "Categoria_Scraping": "higiene pessoal e beleza",
        "Nome": "Champô Energizante com Cafeína",
        "Marca": "Be Beauty",
        "Preco": 1.89,
        "Unidade_Info": "0.3 L | 6,3 €/L",
        "Categorias_GTM": "As Nossas Marcas, Be Beauty, Cabelo, Champô, Higiene Pessoal e Beleza",
        "Data_Coleta": "2025-06-01 02:15:47"
    },
    {
        "ID_Produto": "890538",
        "Categoria_Scraping": "higiene pessoal e beleza",
        "Nome": "Champô Liso e Sedoso",
        "Marca": "Be Beauty",
        "Preco": 1.69,
        "Unidade_Info": "0.3 L | 5,63 €/L",
        "Categorias_GTM": "As Nossas Marcas, Be Beauty, Categoria Referência SFCC, Cabelo, Champô",
        "Data_Coleta": "2025-06-01 02:15:47"
    },
    {
        "ID_Produto": "890569",
        "Categoria_Scraping": "higiene pessoal e beleza",
        "Nome": "Champô Nutrição Intensa",
        "Marca": "Be Beauty",
        "Preco": 1.69,
        "Unidade_Info": "0.3 L | 5,63 €/L",
        "Categorias_GTM": "As Nossas Marcas, Be Beauty, Categoria Referência SFCC, Cabelo, Champô",
        "Data_Coleta": "2025-06-01 02:15:47"
    },
    {
        "ID_Produto": "890589",
        "Categoria_Scraping": "higiene pessoal e beleza",
        "Nome": "Champô Purificante",
        "Marca": "Be Beauty",
        "Preco": 1.89,
        "Unidade_Info": "0.3 L | 6,3 €/L",
        "Categorias_GTM": "As Nossas Marcas, Be Beauty, Categoria Referência SFCC, Cabelo, Champô",
        "Data_Coleta": "2025-06-01 02:15:47"
    },
    {
        "ID_Produto": "890590",
        "Categoria_Scraping": "higiene pessoal e beleza",
        "Nome": "Champô Repara e Protege",
        "Marca": "Be Beauty",
        "Preco": 1.69,
        "Unidade_Info": "0.3 L | 5,63 €/L",
        "Categorias_GTM": "As Nossas Marcas, Be Beauty, Categoria Referência SFCC, Cabelo, Champô",
        "Data_Coleta": "2025-06-01 02:15:53"
    },
    {
        "ID_Produto": "925106",
        "Categoria_Scraping": "higiene pessoal e beleza",
        "Nome": "Champô Seco Fresh & Clean",
        "Marca": "Be Beauty",
        "Preco": 2.39,
        "Unidade_Info": "0.2 L | 11,95 €/L",
        "Categorias_GTM": "Cabelo, Champô, Higiene Pessoal e Beleza, As Nossas Marcas, Be Beauty",
        "Data_Coleta": "2025-06-01 02:15:53"
    },
    {
        "ID_Produto": "968778",
        "Categoria_Scraping": "higiene pessoal e beleza",
        "Nome": "Champô Violeta Cabelos Brancos",
        "Marca": "Be Beauty",
        "Preco": 1.89,
        "Unidade_Info": "0.3 L | 6,3 €/L",
        "Categorias_GTM": "Cabelo, Champô, Higiene Pessoal e Beleza, As Nossas Marcas, Be Beauty",
        "Data_Coleta": "2025-06-01 02:15:53"
    },
    {
        "ID_Produto": "927349",
        "Categoria_Scraping": "higiene pessoal e beleza",
        "Nome": "Compressa de Gaze 20 x 20 cm",
        "Marca": "Pingo Doce",
        "Preco": 1.89,
        "Unidade_Info": "10 Un | 0,19 €/Un",
        "Categorias_GTM": "As Nossas Marcas, Pingo Doce, Algodão, Compressas e Cotonetes, Cuidados de Saúde, Higiene Pessoal e Beleza",
        "Data_Coleta": "2025-06-01 02:15:53"
    },
    {
        "ID_Produto": "890673",
        "Categoria_Scraping": "higiene pessoal e beleza",
        "Nome": "Condicionador Caracóis Perfeitos",
        "Marca": "Be Beauty",
        "Preco": 1.89,
        "Unidade_Info": "0.3 L | 6,3 €/L",
        "Categorias_GTM": "As Nossas Marcas, Be Beauty, Categoria Referência SFCC, Cabelo, Condicionador",
        "Data_Coleta": "2025-06-01 02:15:53"
    },
    {
        "ID_Produto": "890674",
        "Categoria_Scraping": "higiene pessoal e beleza",
        "Nome": "Condicionador Liso e Sedoso",
        "Marca": "Be Beauty",
        "Preco": 1.89,
        "Unidade_Info": "0.3 L | 6,3 €/L",
        "Categorias_GTM": "As Nossas Marcas, Be Beauty, Categoria Referência SFCC, Cabelo, Condicionador",
        "Data_Coleta": "2025-06-01 02:15:53"
    },
    {
        "ID_Produto": "890679",
        "Categoria_Scraping": "higiene pessoal e beleza",
        "Nome": "Condicionador Nutrição Intensa",
        "Marca": "Be Beauty",
        "Preco": 1.89,
        "Unidade_Info": "0.3 L | 6,3 €/L",
        "Categorias_GTM": "As Nossas Marcas, Be Beauty, Categoria Referência SFCC, Cabelo, Condicionador",
        "Data_Coleta": "2025-06-01 02:15:53"
    },
    {
        "ID_Produto": "908556",
        "Categoria_Scraping": "higiene pessoal e beleza",
        "Nome": "Condicionador Strong Fixation",
        "Marca": "Be Beauty",
        "Preco": 1.39,
        "Unidade_Info": "0.25 L | 5,56 €/L",
        "Categorias_GTM": "As Nossas Marcas, Be Beauty, Cabelo, Higiene Pessoal e Beleza, Laca, Espuma e Outros",
        "Data_Coleta": "2025-06-01 02:15:53"
    },
    {
        "ID_Produto": "878202",
        "Categoria_Scraping": "higiene pessoal e beleza",
        "Nome": "Cotonetes para Bebé",
        "Marca": "Cuida Bebé",
        "Preco": 0.55,
        "Unidade_Info": "56 Un | 0,01 €/Un",
        "Categorias_GTM": "As Nossas Marcas, Cuida Bebé, Algodão, Compressas e Cotonetes, Cuidados de Saúde, Infantil",
        "Data_Coleta": "2025-06-01 02:15:53"
    },
    {
        "ID_Produto": "729082",
        "Categoria_Scraping": "higiene pessoal e beleza",
        "Nome": "Creme de Barbear",
        "Marca": "Skino",
        "Preco": 1.66,
        "Unidade_Info": "0.125 L | 13,28 €/L",
        "Categorias_GTM": "As Nossas Marcas, Skino, Categoria Referência SFCC, Higiene Pessoal e Beleza, Homem",
        "Data_Coleta": "2025-06-01 02:15:53"
    },
    {
        "ID_Produto": "908339",
        "Categoria_Scraping": "higiene pessoal e beleza",
        "Nome": "Creme de Contorno de Olhos Q10",
        "Marca": "Be Beauty",
        "Preco": 1.99,
        "Unidade_Info": "0.15 L | 13,27 €/L",
        "Categorias_GTM": "Hidratação, Higiene Pessoal e Beleza, Rosto, As Nossas Marcas, Be Beauty",
        "Data_Coleta": "2025-06-01 02:15:53"
    },
    {
        "ID_Produto": "855988",
        "Categoria_Scraping": "higiene pessoal e beleza",
        "Nome": "Creme de Corpo",
        "Marca": "Be Beauty",
        "Preco": 1.85,
        "Unidade_Info": "0.3 L | 6,17 €/L",
        "Categorias_GTM": "Corpo, Hidratação, Higiene Pessoal e Beleza, As Nossas Marcas, Be Beauty",
        "Data_Coleta": "2025-06-01 02:15:53"
    },
    {
        "ID_Produto": "875094",
        "Categoria_Scraping": "higiene pessoal e beleza",
        "Nome": "Creme de Corpo com Azeite",
        "Marca": "Be Beauty",
        "Preco": 1.64,
        "Unidade_Info": "0.3 L | 5,47 €/L",
        "Categorias_GTM": "As Nossas Marcas, Be Beauty, Corpo, Hidratação, Higiene Pessoal e Beleza",
        "Data_Coleta": "2025-06-01 02:15:59"
    },
    {
        "ID_Produto": "968581",
        "Categoria_Scraping": "higiene pessoal e beleza",
        "Nome": "Creme de Corpo com Bakuchiol",
        "Marca": "Be Beauty",
        "Preco": 4.99,
        "Unidade_Info": "0.2 L | 24,95 €/L",
        "Categorias_GTM": "As Nossas Marcas, Be Beauty, Hidratação, Higiene Pessoal e Beleza, Corpo",
        "Data_Coleta": "2025-06-01 02:15:59"
    },
    {
        "ID_Produto": "911569",
        "Categoria_Scraping": "higiene pessoal e beleza",
        "Nome": "Creme de Corpo com Óleo CBD",
        "Marca": "Be Beauty",
        "Preco": 3.99,
        "Unidade_Info": "0.3 L | 13,3 €/L",
        "Categorias_GTM": "Corpo, Hidratação, Higiene Pessoal e Beleza, As Nossas Marcas, Be Beauty",
        "Data_Coleta": "2025-06-01 02:15:59"
    },
    {
        "ID_Produto": "875093",
        "Categoria_Scraping": "higiene pessoal e beleza",
        "Nome": "Creme de Corpo com Óleos Essenciais",
        "Marca": "Be Beauty",
        "Preco": 1.99,
        "Unidade_Info": "0.3 L | 6,63 €/L",
        "Categorias_GTM": "Corpo, Hidratação, Higiene Pessoal e Beleza, As Nossas Marcas, Be Beauty",
        "Data_Coleta": "2025-06-01 02:15:59"
    },
    {
        "ID_Produto": "905118",
        "Categoria_Scraping": "higiene pessoal e beleza",
        "Nome": "Creme de Mãos Q10 Rejuvenescedor",
        "Marca": "Be Beauty",
        "Preco": 1.29,
        "Unidade_Info": "0.125 L | 10,32 €/L",
        "Categorias_GTM": "Corpo, Hidratação, Higiene Pessoal e Beleza, As Nossas Marcas, Be Beauty",
        "Data_Coleta": "2025-06-01 02:15:59"
    },
    {
        "ID_Produto": "855990",
        "Categoria_Scraping": "higiene pessoal e beleza",
        "Nome": "Creme de Mãos SOS Concentrado",
        "Marca": "Be Beauty",
        "Preco": 1.29,
        "Unidade_Info": "0.075 L | 17,2 €/L",
        "Categorias_GTM": "As Nossas Marcas, Be Beauty, Categoria Referência SFCC, Corpo, Hidratação",
        "Data_Coleta": "2025-06-01 02:15:59"
    },
    {
        "ID_Produto": "980494",
        "Categoria_Scraping": "higiene pessoal e beleza",
        "Nome": "Creme de Pentear para Caracóis",
        "Marca": "Be Beauty",
        "Preco": 2.89,
        "Unidade_Info": "0.25 L | 11,56 €/L",
        "Categorias_GTM": "As Nossas Marcas, Be Beauty, Cabelo, Higiene Pessoal e Beleza, Laca, Espuma e Outros",
        "Data_Coleta": "2025-06-01 02:15:59"
    },
    {
        "ID_Produto": "855989",
        "Categoria_Scraping": "higiene pessoal e beleza",
        "Nome": "Creme de Pés Hidratante",
        "Marca": "Be Beauty",
        "Preco": 0.89,
        "Unidade_Info": "0.075 L | 11,87 €/L",
        "Categorias_GTM": "Categoria Referência SFCC, Corpo, Hidratação, Higiene Pessoal e Beleza, As Nossas Marcas",
        "Data_Coleta": "2025-06-01 02:15:59"
    },
    {
        "ID_Produto": "909994",
        "Categoria_Scraping": "higiene pessoal e beleza",
        "Nome": "Creme Depilatório para Corpo",
        "Marca": "Be Beauty",
        "Preco": 2.99,
        "Unidade_Info": "0.2 L | 14,95 €/L",
        "Categorias_GTM": "As Nossas Marcas, Be Beauty, Corpo, Depilatórios, Higiene Pessoal e Beleza",
        "Data_Coleta": "2025-06-01 02:15:59"
    },
    {
        "ID_Produto": "927916",
        "Categoria_Scraping": "higiene pessoal e beleza",
        "Nome": "Creme Depilatório para Corpo Men",
        "Marca": "Skino",
        "Preco": 2.99,
        "Unidade_Info": "0.2 L | 14,95 €/L",
        "Categorias_GTM": "As Nossas Marcas, Skino, Corpo, Depilatórios, Higiene Pessoal e Beleza",
        "Data_Coleta": "2025-06-01 02:15:59"
    },
    {
        "ID_Produto": "875194",
        "Categoria_Scraping": "higiene pessoal e beleza",
        "Nome": "Creme de Rosto Anti-idade Lifting Reparador 50+",
        "Marca": "Be Beauty",
        "Preco": 4.99,
        "Unidade_Info": "0.05 L | 99,8 €/L",
        "Categorias_GTM": "Hidratação, Higiene Pessoal e Beleza, Rosto, As Nossas Marcas, Be Beauty",
        "Data_Coleta": "2025-06-01 02:15:59"
    },
    {
        "ID_Produto": "875195",
        "Categoria_Scraping": "higiene pessoal e beleza",
        "Nome": "Creme de Rosto Anti-idade Regenerador 60+",
        "Marca": "Be Beauty",
        "Preco": 4.99,
        "Unidade_Info": "0.05 L | 99,8 €/L",
        "Categorias_GTM": "Hidratação, Higiene Pessoal e Beleza, Rosto, As Nossas Marcas, Be Beauty",
        "Data_Coleta": "2025-06-01 02:15:59"
    },
    {
        "ID_Produto": "908856",
        "Categoria_Scraping": "higiene pessoal e beleza",
        "Nome": "Creme de Rosto Antirrugas Vitamina C",
        "Marca": "Be Beauty",
        "Preco": 4.99,
        "Unidade_Info": "0.05 L | 99,8 €/L",
        "Categorias_GTM": "Higiene Pessoal e Beleza, Rosto, Hidratação, As Nossas Marcas, Be Beauty",
        "Data_Coleta": "2025-06-01 02:16:06"
    },
    {
        "ID_Produto": "855987",
        "Categoria_Scraping": "higiene pessoal e beleza",
        "Nome": "Creme de Rosto para Pele Normal",
        "Marca": "Be Beauty",
        "Preco": 2.99,
        "Unidade_Info": "0.05 L | 59,8 €/L",
        "Categorias_GTM": "As Nossas Marcas, Be Beauty, Categoria Referência SFCC, Hidratação, Higiene Pessoal e Beleza",
        "Data_Coleta": "2025-06-01 02:16:06"
    },
    {
        "ID_Produto": "855986",
        "Categoria_Scraping": "higiene pessoal e beleza",
        "Nome": "Creme de Rosto para Pele Seca e Sensível",
        "Marca": "Be Beauty",
        "Preco": 2.99,
        "Unidade_Info": "0.05 L | 59,8 €/L",
        "Categorias_GTM": "As Nossas Marcas, Be Beauty, Hidratação, Higiene Pessoal e Beleza, Rosto",
        "Data_Coleta": "2025-06-01 02:16:06"
    },
    {
        "ID_Produto": "855961",
        "Categoria_Scraping": "higiene pessoal e beleza",
        "Nome": "Creme de Rosto Q10 Dia SPF15",
        "Marca": "Be Beauty",
        "Preco": 2.99,
        "Unidade_Info": "0.05 L | 59,8 €/L",
        "Categorias_GTM": "As Nossas Marcas, Be Beauty, Categoria Referência SFCC, Hidratação, Higiene Pessoal e Beleza",
        "Data_Coleta": "2025-06-01 02:16:06"
    },
    {
        "ID_Produto": "855985",
        "Categoria_Scraping": "higiene pessoal e beleza",
        "Nome": "Creme de Rosto Q10 Noite",
        "Marca": "Be Beauty",
        "Preco": 2.99,
        "Unidade_Info": "0.05 L | 59,8 €/L",
        "Categorias_GTM": "Categoria Referência SFCC, Hidratação, Higiene Pessoal e Beleza, Rosto, As Nossas Marcas",
        "Data_Coleta": "2025-06-01 02:16:06"
    },
    {
        "ID_Produto": "925487",
        "Categoria_Scraping": "higiene pessoal e beleza",
        "Nome": "Creme Descolorante",
        "Marca": "Be Beauty",
        "Preco": 3.69,
        "Unidade_Info": "0.15 L | 24,6 €/L",
        "Categorias_GTM": "Corpo, Depilatórios, Higiene Pessoal e Beleza, As Nossas Marcas, Be Beauty",
        "Data_Coleta": "2025-06-01 02:16:06"
    },
    {
        "ID_Produto": "773289",
        "Categoria_Scraping": "higiene pessoal e beleza",
        "Nome": "Creme Fixador de Próteses Dentárias",
        "Marca": "Pingo Doce",
        "Preco": 3.19,
        "Unidade_Info": "0.04 Kg | 79,75 €/Kg",
        "Categorias_GTM": "Cuidados para Próteses, Higiene Oral, Higiene Pessoal e Beleza, As Nossas Marcas, Pingo Doce",
        "Data_Coleta": "2025-06-01 02:16:06"
    },
    {
        "ID_Produto": "930181",
        "Categoria_Scraping": "higiene pessoal e beleza",
        "Nome": "Cueca Incontinência Discreta Tamanho Grande",
        "Marca": "Pingo Doce",
        "Preco": 8.79,
        "Unidade_Info": "10 Un | 0,88 €/Un",
        "Categorias_GTM": "As Nossas Marcas, Pingo Doce, Fraldas e Cuecas, Higiene Pessoal e Beleza, Incontinência",
        "Data_Coleta": "2025-06-01 02:16:06"
    },
    {
        "ID_Produto": "930196",
        "Categoria_Scraping": "higiene pessoal e beleza",
        "Nome": "Cueca Incontinência Homem Tamanho Médio",
        "Marca": "Pingo Doce",
        "Preco": 8.39,
        "Unidade_Info": "10 Un | 0,84 €/Un",
        "Categorias_GTM": "As Nossas Marcas, Pingo Doce, Fraldas e Cuecas, Higiene Pessoal e Beleza, Incontinência",
        "Data_Coleta": "2025-06-01 02:16:06"
    },
    {
        "ID_Produto": "899653",
        "Categoria_Scraping": "higiene pessoal e beleza",
        "Nome": "Desodorizante Roll-On Antitranspirante Invisível Black & White",
        "Marca": "Be Beauty",
        "Preco": 0.85,
        "Unidade_Info": "0.05 L | 17 €/L",
        "Categorias_GTM": "As Nossas Marcas, Be Beauty, Categoria Referência SFCC, Corpo, Desodorizantes",
        "Data_Coleta": "2025-06-01 02:16:06"
    },
    {
        "ID_Produto": "959561",
        "Categoria_Scraping": "higiene pessoal e beleza",
        "Nome": "Desodorizante Roll-On Dermo",
        "Marca": "Be Beauty",
        "Preco": 0.85,
        "Unidade_Info": "0.05 L | 17 €/L",
        "Categorias_GTM": "As Nossas Marcas, Be Beauty, Corpo, Desodorizantes, Higiene Pessoal e Beleza",
        "Data_Coleta": "2025-06-01 02:16:06"
    },
    {
        "ID_Produto": "959562",
        "Categoria_Scraping": "higiene pessoal e beleza",
        "Nome": "Desodorizante Roll-On Dry",
        "Marca": "Be Beauty",
        "Preco": 0.85,
        "Unidade_Info": "0.05 L | 17 €/L",
        "Categorias_GTM": "As Nossas Marcas, Be Beauty, Corpo, Desodorizantes, Higiene Pessoal e Beleza",
        "Data_Coleta": "2025-06-01 02:16:06"
    },
    {
        "ID_Produto": "894945",
        "Categoria_Scraping": "higiene pessoal e beleza",
        "Nome": "Desodorizante Roll-On Men Black & White",
        "Marca": "Skino",
        "Preco": 0.85,
        "Unidade_Info": "0.05 L | 17 €/L",
        "Categorias_GTM": "As Nossas Marcas, Skino, Categoria Referência SFCC, Corpo, Desodorizantes",
        "Data_Coleta": "2025-06-01 02:16:12"
    },
    {
        "ID_Produto": "894946",
        "Categoria_Scraping": "higiene pessoal e beleza",
        "Nome": "Desodorizante Roll-On Men Cool",
        "Marca": "Skino",
        "Preco": 0.85,
        "Unidade_Info": "0.05 L | 17 €/L",
        "Categorias_GTM": "As Nossas Marcas, Skino, Categoria Referência SFCC, Corpo, Desodorizantes",
        "Data_Coleta": "2025-06-01 02:16:12"
    },
    {
        "ID_Produto": "960058",
        "Categoria_Scraping": "higiene pessoal e beleza",
        "Nome": "Desodorizante Roll-On Pele Sensível",
        "Marca": "Be Beauty",
        "Preco": 1.09,
        "Unidade_Info": "0.05 L | 21,8 €/L",
        "Categorias_GTM": "As Nossas Marcas, Be Beauty, Corpo, Desodorizantes, Higiene Pessoal e Beleza",
        "Data_Coleta": "2025-06-01 02:16:12"
    },
    {
        "ID_Produto": "901334",
        "Categoria_Scraping": "higiene pessoal e beleza",
        "Nome": "Desodorizante Spray Antitranspirante Black & White",
        "Marca": "Be Beauty",
        "Preco": 1.19,
        "Unidade_Info": "0.2 L | 5,95 €/L",
        "Categorias_GTM": "As Nossas Marcas, Be Beauty, Categoria Referência SFCC, Corpo, Desodorizantes",
        "Data_Coleta": "2025-06-01 02:16:12"
    },
    {
        "ID_Produto": "905114",
        "Categoria_Scraping": "higiene pessoal e beleza",
        "Nome": "Desodorizante Spray Antitranspirante Citrus Fresh",
        "Marca": "Be Beauty",
        "Preco": 1.19,
        "Unidade_Info": "0.2 L | 5,95 €/L",
        "Categorias_GTM": "Corpo, Desodorizantes, Higiene Pessoal e Beleza, As Nossas Marcas, Be Beauty",
        "Data_Coleta": "2025-06-01 02:16:12"
    },
    {
        "ID_Produto": "905491",
        "Categoria_Scraping": "higiene pessoal e beleza",
        "Nome": "Desodorizante Spray Antitranspirante Cotton Dry",
        "Marca": "Be Beauty",
        "Preco": 1.19,
        "Unidade_Info": "0.2 L | 5,95 €/L",
        "Categorias_GTM": "Desodorizantes, Corpo, Higiene Pessoal e Beleza, As Nossas Marcas, Be Beauty",
        "Data_Coleta": "2025-06-01 02:16:12"
    },
    {
        "ID_Produto": "832786",
        "Categoria_Scraping": "higiene pessoal e beleza",
        "Nome": "Desodorizante Spray Men Black & White",
        "Marca": "Skino",
        "Preco": 1.39,
        "Unidade_Info": "0.2 L | 6,95 €/L",
        "Categorias_GTM": "As Nossas Marcas, Skino, Categoria Referência SFCC, Corpo, Desodorizantes",
        "Data_Coleta": "2025-06-01 02:16:12"
    },
    {
        "ID_Produto": "827231",
        "Categoria_Scraping": "higiene pessoal e beleza",
        "Nome": "Desodorizante Spray Men Cool",
        "Marca": "Skino",
        "Preco": 1.39,
        "Unidade_Info": "0.2 L | 6,95 €/L",
        "Categorias_GTM": "As Nossas Marcas, Skino, Categoria Referência SFCC, Corpo, Desodorizantes",
        "Data_Coleta": "2025-06-01 02:16:12"
    },
    {
        "ID_Produto": "936576",
        "Categoria_Scraping": "higiene pessoal e beleza",
        "Nome": "Discos de Algodão Desmaquilhantes",
        "Marca": "Be Beauty",
        "Preco": 0.89,
        "Unidade_Info": "140 Un | 0,01 €/Un",
        "Categorias_GTM": "Higiene Pessoal e Beleza, Maquilhagem, As Nossas Marcas, Be Beauty, Categoria Referência SFCC",
        "Data_Coleta": "2025-06-01 02:16:12"
    },
    {
        "ID_Produto": "925488",
        "Categoria_Scraping": "higiene pessoal e beleza",
        "Nome": "Discos de Algodão Desmaquilhantes Orgânico",
        "Marca": "Be Beauty",
        "Preco": 0.89,
        "Unidade_Info": "100 Un | 0,01 €/Un",
        "Categorias_GTM": "As Nossas Marcas, Be Beauty, Higiene Pessoal e Beleza, Maquilhagem, Categoria Referência SFCC",
        "Data_Coleta": "2025-06-01 02:16:12"
    },
    {
        "ID_Produto": "972466",
        "Categoria_Scraping": "higiene pessoal e beleza",
        "Nome": "Discos de Algodão Desmaquilhantes Quadrados",
        "Marca": "Be Beauty",
        "Preco": 1.04,
        "Unidade_Info": "60 Un | 0,02 €/Un",
        "Categorias_GTM": "As Nossas Marcas, Be Beauty, Higiene Pessoal e Beleza, Maquilhagem, Categoria Referência SFCC",
        "Data_Coleta": "2025-06-01 02:16:12"
    },
    {
        "ID_Produto": "931463",
        "Categoria_Scraping": "higiene pessoal e beleza",
        "Nome": "Discos Desmaquilhantes Ovais",
        "Marca": "Be Beauty",
        "Preco": 1.19,
        "Unidade_Info": "70 Un | 0,02 €/Un",
        "Categorias_GTM": "As Nossas Marcas, Be Beauty, Categoria Referência SFCC, Higiene Pessoal e Beleza, Maquilhagem",
        "Data_Coleta": "2025-06-01 02:16:12"
    },
    {
        "ID_Produto": "940396",
        "Categoria_Scraping": "higiene pessoal e beleza",
        "Nome": "Elixir Bucal Ação Total 6 em 1",
        "Marca": "Pingo Doce",
        "Preco": 1.35,
        "Unidade_Info": "0.5 L | 2,7 €/L",
        "Categorias_GTM": "Elixir, Higiene Oral, Higiene Pessoal e Beleza, Categoria Referência SFCC, As Nossas Marcas",
        "Data_Coleta": "2025-06-01 02:16:19"
    },
    {
        "ID_Produto": "940395",
        "Categoria_Scraping": "higiene pessoal e beleza",
        "Nome": "Elixir Bucal Branqueador",
        "Marca": "Pingo Doce",
        "Preco": 1.69,
        "Unidade_Info": "0.5 L | 3,38 €/L",
        "Categorias_GTM": "As Nossas Marcas, Pingo Doce, Elixir, Higiene Oral, Higiene Pessoal e Beleza",
        "Data_Coleta": "2025-06-01 02:16:19"
    },
    {
        "ID_Produto": "940394",
        "Categoria_Scraping": "higiene pessoal e beleza",
        "Nome": "Elixir Bucal Mentol",
        "Marca": "Pingo Doce",
        "Preco": 1.35,
        "Unidade_Info": "0.5 L | 2,7 €/L",
        "Categorias_GTM": "Elixir, Higiene Oral, Higiene Pessoal e Beleza, As Nossas Marcas, Pingo Doce",
        "Data_Coleta": "2025-06-01 02:16:19"
    },
    {
        "ID_Produto": "941186",
        "Categoria_Scraping": "higiene pessoal e beleza",
        "Nome": "Elixir Bucal Oral Infantil",
        "Marca": "Pingo Doce",
        "Preco": 1.69,
        "Unidade_Info": "0.5 L | 3,38 €/L",
        "Categorias_GTM": "As Nossas Marcas, Pingo Doce, Categoria Referência SFCC, Elixir, Higiene Oral",
        "Data_Coleta": "2025-06-01 02:16:19"
    },
    {
        "ID_Produto": "940389",
        "Categoria_Scraping": "higiene pessoal e beleza",
        "Nome": "Elixir Bucal Proteção e Frescura",
        "Marca": "Pingo Doce",
        "Preco": 1.35,
        "Unidade_Info": "0.5 L | 2,7 €/L",
        "Categorias_GTM": "Elixir, Higiene Oral, Higiene Pessoal e Beleza, Categoria Referência SFCC, As Nossas Marcas",
        "Data_Coleta": "2025-06-01 02:16:19"
    },
    {
        "ID_Produto": "930170",
        "Categoria_Scraping": "higiene pessoal e beleza",
        "Nome": "Escova de Dentes Flexible Média",
        "Marca": "Pingo Doce",
        "Preco": 0.89,
        "Unidade_Info": "2 Un | 0,45 €/Un",
        "Categorias_GTM": "As Nossas Marcas, Pingo Doce, Escova de Dentes, Higiene Oral, Higiene Pessoal e Beleza",
        "Data_Coleta": "2025-06-01 02:16:19"
    },
    {
        "ID_Produto": "930169",
        "Categoria_Scraping": "higiene pessoal e beleza",
        "Nome": "Escova de Dentes Flexible Suave",
        "Marca": "Pingo Doce",
        "Preco": 0.89,
        "Unidade_Info": "2 Un | 0,45 €/Un",
        "Categorias_GTM": "As Nossas Marcas, Pingo Doce, Escova de Dentes, Higiene Oral, Higiene Pessoal e Beleza",
        "Data_Coleta": "2025-06-01 02:16:19"
    },
    {
        "ID_Produto": "923081",
        "Categoria_Scraping": "higiene pessoal e beleza",
        "Nome": "Escova de Dentes Infantil +6 Anos",
        "Marca": "Pingo Doce",
        "Preco": 0.99,
        "Unidade_Info": "1 Un | 0,99 €/Un",
        "Categorias_GTM": "As Nossas Marcas, Pingo Doce, Categoria Referência SFCC, Escova de Dentes, Higiene Oral",
        "Data_Coleta": "2025-06-01 02:16:19"
    },
    {
        "ID_Produto": "719562",
        "Categoria_Scraping": "higiene pessoal e beleza",
        "Nome": "Escova de Dentes Infantil 2-6 anos",
        "Marca": "Cuida Bebé",
        "Preco": 0.89,
        "Unidade_Info": "1 Un | 0,89 €/Un",
        "Categorias_GTM": "Categoria Referência SFCC, Escova de Dentes, Higiene Oral, Higiene Pessoal e Beleza, As Nossas Marcas",
        "Data_Coleta": "2025-06-01 02:16:19"
    },
    {
        "ID_Produto": "930171",
        "Categoria_Scraping": "higiene pessoal e beleza",
        "Nome": "Escova de Dentes Interdental Média",
        "Marca": "Pingo Doce",
        "Preco": 2.09,
        "Unidade_Info": "2 Un | 1,05 €/Un",
        "Categorias_GTM": "Escova de Dentes, Higiene Oral, Higiene Pessoal e Beleza, As Nossas Marcas, Pingo Doce",
        "Data_Coleta": "2025-06-01 02:16:19"
    },
    {
        "ID_Produto": "930172",
        "Categoria_Scraping": "higiene pessoal e beleza",
        "Nome": "Escova de Dentes Interdental Soft",
        "Marca": "Pingo Doce",
        "Preco": 2.09,
        "Unidade_Info": "2 Un | 1,05 €/Un",
        "Categorias_GTM": "As Nossas Marcas, Pingo Doce, Escova de Dentes, Higiene Oral, Higiene Pessoal e Beleza",
        "Data_Coleta": "2025-06-01 02:16:19"
    },
    {
        "ID_Produto": "930173",
        "Categoria_Scraping": "higiene pessoal e beleza",
        "Nome": "Escova de Dentes Perfect White Média",
        "Marca": "Pingo Doce",
        "Preco": 1.59,
        "Unidade_Info": "2 Un | 0,8 €/Un",
        "Categorias_GTM": "Escova de Dentes, Higiene Oral, Higiene Pessoal e Beleza, As Nossas Marcas, Pingo Doce",
        "Data_Coleta": "2025-06-01 02:16:19"
    },
    {
        "ID_Produto": "930174",
        "Categoria_Scraping": "higiene pessoal e beleza",
        "Nome": "Escova de Dentes Perfect White Suave",
        "Marca": "Pingo Doce",
        "Preco": 1.59,
        "Unidade_Info": "2 Un | 0,8 €/Un",
        "Categorias_GTM": "As Nossas Marcas, Pingo Doce, Escova de Dentes, Higiene Oral, Higiene Pessoal e Beleza",
        "Data_Coleta": "2025-06-01 02:16:26"
    },
    {
        "ID_Produto": "930175",
        "Categoria_Scraping": "higiene pessoal e beleza",
        "Nome": "Escova de Dentes Pro Gengivas Média",
        "Marca": "Pingo Doce",
        "Preco": 1.49,
        "Unidade_Info": "2 Un | 0,75 €/Un",
        "Categorias_GTM": "Escova de Dentes, Higiene Oral, Higiene Pessoal e Beleza, As Nossas Marcas, Pingo Doce",
        "Data_Coleta": "2025-06-01 02:16:26"
    },
    {
        "ID_Produto": "930176",
        "Categoria_Scraping": "higiene pessoal e beleza",
        "Nome": "Escova de Dentes Pro Gengivas Suave",
        "Marca": "Pingo Doce",
        "Preco": 1.49,
        "Unidade_Info": "2 Un | 0,75 €/Un",
        "Categorias_GTM": "As Nossas Marcas, Pingo Doce, Escova de Dentes, Higiene Oral, Higiene Pessoal e Beleza",
        "Data_Coleta": "2025-06-01 02:16:26"
    },
    {
        "ID_Produto": "930179",
        "Categoria_Scraping": "higiene pessoal e beleza",
        "Nome": "Escova de Dentes Sensitive Microfilamentos",
        "Marca": "Pingo Doce",
        "Preco": 1.29,
        "Unidade_Info": "1 Un | 1,29 €/Un",
        "Categorias_GTM": "Escova de Dentes, Higiene Oral, Higiene Pessoal e Beleza, As Nossas Marcas, Pingo Doce",
        "Data_Coleta": "2025-06-01 02:16:26"
    },
    {
        "ID_Produto": "933751",
        "Categoria_Scraping": "higiene pessoal e beleza",
        "Nome": "Escovilhões Dentários Interdental",
        "Marca": "Pingo Doce",
        "Preco": 1.89,
        "Unidade_Info": "6 Un | 0,32 €/Un",
        "Categorias_GTM": "As Nossas Marcas, Pingo Doce, Categoria Referência SFCC, Escova de Dentes, Higiene Oral",
        "Data_Coleta": "2025-06-01 02:16:26"
    },
    {
        "ID_Produto": "909515",
        "Categoria_Scraping": "higiene pessoal e beleza",
        "Nome": "Esfoliante Corporal com Sal de Epsom",
        "Marca": "Be Beauty",
        "Preco": 3.99,
        "Unidade_Info": "0.3 L | 13,3 €/L",
        "Categorias_GTM": "Corpo, Hidratação, Higiene Pessoal e Beleza, As Nossas Marcas, Be Beauty",
        "Data_Coleta": "2025-06-01 02:16:26"
    },
    {
        "ID_Produto": "682738",
        "Categoria_Scraping": "higiene pessoal e beleza",
        "Nome": "Esponja Puff",
        "Marca": "Pingo Doce",
        "Preco": 0.99,
        "Unidade_Info": "1 Un | 0,99 €/Un",
        "Categorias_GTM": "Categoria Referência SFCC, As Nossas Marcas, Pingo Doce, Corpo, Higiene Pessoal e Beleza",
        "Data_Coleta": "2025-06-01 02:16:26"
    },
    {
        "ID_Produto": "824127",
        "Categoria_Scraping": "higiene pessoal e beleza",
        "Nome": "Espuma de Barbear Aloe Vera",
        "Marca": "Skino",
        "Preco": 1.39,
        "Unidade_Info": "0.3 L | 4,63 €/L",
        "Categorias_GTM": "As Nossas Marcas, Skino, Categoria Referência SFCC, Homem, Rosto e Barba",
        "Data_Coleta": "2025-06-01 02:16:26"
    },
    {
        "ID_Produto": "960765",
        "Categoria_Scraping": "higiene pessoal e beleza",
        "Nome": "Espuma de Limpeza Pele Normal",
        "Marca": "Be Beauty",
        "Preco": 2.49,
        "Unidade_Info": "0.15 L | 16,6 €/L",
        "Categorias_GTM": "As Nossas Marcas, Be Beauty, Higiene Pessoal e Beleza, Limpeza, Rosto",
        "Data_Coleta": "2025-06-01 02:16:26"
    },
    {
        "ID_Produto": "960769",
        "Categoria_Scraping": "higiene pessoal e beleza",
        "Nome": "Espuma de Limpeza Pele Seca",
        "Marca": "Be Beauty",
        "Preco": 2.49,
        "Unidade_Info": "0.15 L | 16,6 €/L",
        "Categorias_GTM": "As Nossas Marcas, Be Beauty, Rosto, Higiene Pessoal e Beleza, Limpeza",
        "Data_Coleta": "2025-06-01 02:16:26"
    },
    {
        "ID_Produto": "960768",
        "Categoria_Scraping": "higiene pessoal e beleza",
        "Nome": "Espuma de Limpeza Pele Sensível",
        "Marca": "Be Beauty",
        "Preco": 2.49,
        "Unidade_Info": "0.15 L | 16,6 €/L",
        "Categorias_GTM": "Higiene Pessoal e Beleza, Limpeza, Rosto, As Nossas Marcas, Be Beauty",
        "Data_Coleta": "2025-06-01 02:16:26"
    },
    {
        "ID_Produto": "933749",
        "Categoria_Scraping": "higiene pessoal e beleza",
        "Nome": "Fio Dentário Menta Fresca e Flúor 50 m",
        "Marca": "Pingo Doce",
        "Preco": 0.99,
        "Unidade_Info": "1 Un | 0,99 €/Un",
        "Categorias_GTM": "As Nossas Marcas, Pingo Doce, Categoria Referência SFCC, Fio Dentário, Higiene Oral",
        "Data_Coleta": "2025-06-01 02:16:26"
    },
    {
        "ID_Produto": "933750",
        "Categoria_Scraping": "higiene pessoal e beleza",
        "Nome": "Fita Dentária Super Deslizante 25 m",
        "Marca": "Pingo Doce",
        "Preco": 1.49,
        "Unidade_Info": "1 Un | 1,49 €/Un",
        "Categorias_GTM": "As Nossas Marcas, Pingo Doce, Categoria Referência SFCC, Fio Dentário, Higiene Oral",
        "Data_Coleta": "2025-06-01 02:16:32"
    },
    {
        "ID_Produto": "945120",
        "Categoria_Scraping": "higiene pessoal e beleza",
        "Nome": "Fluído Rosto SPF30+",
        "Marca": "Be Beauty",
        "Preco": 3.69,
        "Unidade_Info": "0.05 L | 73,8 €/L",
        "Categorias_GTM": "As Nossas Marcas, Be Beauty, Categoria Referência SFCC, Hidratação, Higiene Pessoal e Beleza",
        "Data_Coleta": "2025-06-01 02:16:32"
    },
    {
        "ID_Produto": "965859",
        "Categoria_Scraping": "higiene pessoal e beleza",
        "Nome": "Fragrância Corpo Body Mist Flower Touch",
        "Marca": "Be Beauty",
        "Preco": 3.99,
        "Unidade_Info": "0.2 L | 19,95 €/L",
        "Categorias_GTM": "Higiene Pessoal e Beleza, Perfumes e Colónias, As Nossas Marcas, Be Beauty, Categoria Referência SFCC",
        "Data_Coleta": "2025-06-01 02:16:32"
    },
    {
        "ID_Produto": "965858",
        "Categoria_Scraping": "higiene pessoal e beleza",
        "Nome": "Fragrância Corpo Body Mist Fruity Fresh",
        "Marca": "Be Beauty",
        "Preco": 3.99,
        "Unidade_Info": "0.2 L | 19,95 €/L",
        "Categorias_GTM": "Higiene Pessoal e Beleza, Perfumes e Colónias, As Nossas Marcas, Be Beauty, Categoria Referência SFCC",
        "Data_Coleta": "2025-06-01 02:16:32"
    },
    {
        "ID_Produto": "984294",
        "Categoria_Scraping": "higiene pessoal e beleza",
        "Nome": "Fraldas Incontinência Absorção Super Tamanho Médio",
        "Marca": "Pingo Doce",
        "Preco": 9.99,
        "Unidade_Info": "20 Un | 0,5 €/Un",
        "Categorias_GTM": "Fraldas e Cuecas, Higiene Pessoal e Beleza, Incontinência, As Nossas Marcas, Pingo Doce",
        "Data_Coleta": "2025-06-01 02:16:32"
    },
    {
        "ID_Produto": "945142",
        "Categoria_Scraping": "higiene pessoal e beleza",
        "Nome": "Gel Corporal Hidratante com Ácido Hialurónico",
        "Marca": "Be Beauty",
        "Preco": 2.99,
        "Unidade_Info": "0.3 L | 9,97 €/L",
        "Categorias_GTM": "As Nossas Marcas, Be Beauty, Categoria Referência SFCC, Corpo, Hidratação",
        "Data_Coleta": "2025-06-01 02:16:32"
    },
    {
        "ID_Produto": "906874",
        "Categoria_Scraping": "higiene pessoal e beleza",
        "Nome": "Gel de Banho Carbon 2 em 1",
        "Marca": "Skino",
        "Preco": 1.39,
        "Unidade_Info": "0.4 L | 3,47 €/L",
        "Categorias_GTM": "Corpo, Gel de Banho, Higiene Pessoal e Beleza, As Nossas Marcas, Skino",
        "Data_Coleta": "2025-06-01 02:16:32"
    },
    {
        "ID_Produto": "945189",
        "Categoria_Scraping": "higiene pessoal e beleza",
        "Nome": "Gel de Banho com Ácido Hialurónico",
        "Marca": "Be Beauty",
        "Preco": 1.89,
        "Unidade_Info": "0.4 L | 4,72 €/L",
        "Categorias_GTM": "Categoria Referência SFCC, Corpo, Gel de Banho, Higiene Pessoal e Beleza, As Nossas Marcas",
        "Data_Coleta": "2025-06-01 02:16:32"
    },
    {
        "ID_Produto": "949119",
        "Categoria_Scraping": "higiene pessoal e beleza",
        "Nome": "Gel de Banho Detox com Kombucha",
        "Marca": "Be Beauty",
        "Preco": 1.89,
        "Unidade_Info": "0.4 L | 4,72 €/L",
        "Categorias_GTM": "As Nossas Marcas, Be Beauty, Categoria Referência SFCC, Corpo, Gel de Banho",
        "Data_Coleta": "2025-06-01 02:16:32"
    },
    {
        "ID_Produto": "899386",
        "Categoria_Scraping": "higiene pessoal e beleza",
        "Nome": "Gel de Banho Esfoliante SPA",
        "Marca": "Pingo Doce",
        "Preco": 1.99,
        "Unidade_Info": "0.75 L | 2,65 €/L",
        "Categorias_GTM": "As Nossas Marcas, Pingo Doce, Categoria Referência SFCC, Corpo, Gel de Banho",
        "Data_Coleta": "2025-06-01 02:16:32"
    },
    {
        "ID_Produto": "899388",
        "Categoria_Scraping": "higiene pessoal e beleza",
        "Nome": "Gel de Banho Glamour Fresh",
        "Marca": "Pingo Doce",
        "Preco": 1.99,
        "Unidade_Info": "0.75 L | 2,65 €/L",
        "Categorias_GTM": "As Nossas Marcas, Pingo Doce, Categoria Referência SFCC, Corpo, Gel de Banho",
        "Data_Coleta": "2025-06-01 02:16:32"
    },
    {
        "ID_Produto": "899387",
        "Categoria_Scraping": "higiene pessoal e beleza",
        "Nome": "Gel de Banho Óleo de Argão",
        "Marca": "Pingo Doce",
        "Preco": 1.99,
        "Unidade_Info": "0.75 L | 2,65 €/L",
        "Categorias_GTM": "As Nossas Marcas, Pingo Doce, Categoria Referência SFCC, Gel de Banho, Higiene Pessoal e Beleza",
        "Data_Coleta": "2025-06-01 02:16:32"
    },
    {
        "ID_Produto": "899389",
        "Categoria_Scraping": "higiene pessoal e beleza",
        "Nome": "Gel de Banho Óleo de Jasmim e Macadâmia",
        "Marca": "Pingo Doce",
        "Preco": 1.99,
        "Unidade_Info": "0.75 L | 2,65 €/L",
        "Categorias_GTM": "As Nossas Marcas, Pingo Doce, Categoria Referência SFCC, Corpo, Gel de Banho",
        "Data_Coleta": "2025-06-01 02:16:39"
    },
    {
        "ID_Produto": "895451",
        "Categoria_Scraping": "higiene pessoal e beleza",
        "Nome": "Gel de Banho Pure & Clean",
        "Marca": "Pingo Doce",
        "Preco": 1.89,
        "Unidade_Info": "0.75 L | 2,52 €/L",
        "Categorias_GTM": "As Nossas Marcas, Pingo Doce, Categoria Referência SFCC, Corpo, Gel de Banho",
        "Data_Coleta": "2025-06-01 02:16:39"
    },
    {
        "ID_Produto": "827244",
        "Categoria_Scraping": "higiene pessoal e beleza",
        "Nome": "Gel de Barbear Men Sensitive",
        "Marca": "Skino",
        "Preco": 1.99,
        "Unidade_Info": "0.25 L | 7,96 €/L",
        "Categorias_GTM": "As Nossas Marcas, Skino, Higiene Pessoal e Beleza, Homem, Rosto e Barba",
        "Data_Coleta": "2025-06-01 02:16:39"
    },
    {
        "ID_Produto": "875237",
        "Categoria_Scraping": "higiene pessoal e beleza",
        "Nome": "Gel de Limpeza Facial Hidratante",
        "Marca": "Be Beauty",
        "Preco": 1.99,
        "Unidade_Info": "0.15 L | 13,27 €/L",
        "Categorias_GTM": "Higiene Pessoal e Beleza, Limpeza, Rosto, As Nossas Marcas, Be Beauty",
        "Data_Coleta": "2025-06-01 02:16:39"
    },
    {
        "ID_Produto": "875236",
        "Categoria_Scraping": "higiene pessoal e beleza",
        "Nome": "Gel Facial Esfpliante",
        "Marca": "Be Beauty",
        "Preco": 1.39,
        "Unidade_Info": "0.15 L | 9,27 €/L",
        "Categorias_GTM": "Higiene Pessoal e Beleza, Limpeza, Rosto, As Nossas Marcas, Be Beauty",
        "Data_Coleta": "2025-06-01 02:16:39"
    },
    {
        "ID_Produto": "921681",
        "Categoria_Scraping": "higiene pessoal e beleza",
        "Nome": "Gel Protetor de Aloe Vera",
        "Marca": "Be Beauty",
        "Preco": 2.69,
        "Unidade_Info": "0.3 L | 8,97 €/L",
        "Categorias_GTM": "As Nossas Marcas, Be Beauty, Corpo, Hidratação, Higiene Pessoal e Beleza",
        "Data_Coleta": "2025-06-01 02:16:39"
    },
    {
        "ID_Produto": "908553",
        "Categoria_Scraping": "higiene pessoal e beleza",
        "Nome": "Laca Fixação Forte",
        "Marca": "Be Beauty",
        "Preco": 1.99,
        "Unidade_Info": "0.4 L | 4,97 €/L",
        "Categorias_GTM": "As Nossas Marcas, Be Beauty, Cabelo, Higiene Pessoal e Beleza, Laca, Espuma e Outros",
        "Data_Coleta": "2025-06-01 02:16:39"
    },
    {
        "ID_Produto": "908554",
        "Categoria_Scraping": "higiene pessoal e beleza",
        "Nome": "Laca Fixação Normal",
        "Marca": "Be Beauty",
        "Preco": 1.99,
        "Unidade_Info": "0.4 L | 4,97 €/L",
        "Categorias_GTM": "As Nossas Marcas, Be Beauty, Cabelo, Higiene Pessoal e Beleza, Laca, Espuma e Outros",
        "Data_Coleta": "2025-06-01 02:16:39"
    },
    {
        "ID_Produto": "959569",
        "Categoria_Scraping": "higiene pessoal e beleza",
        "Nome": "Lâminas Descartáveis Dupla",
        "Marca": "Be Beauty",
        "Preco": 1.99,
        "Unidade_Info": "10 Un | 0,2 €/Un",
        "Categorias_GTM": "As Nossas Marcas, Be Beauty, Corpo, Depilatórios, Higiene Pessoal e Beleza",
        "Data_Coleta": "2025-06-01 02:16:39"
    },
    {
        "ID_Produto": "981223",
        "Categoria_Scraping": "higiene pessoal e beleza",
        "Nome": "Lâminas Descartáveis Dupla",
        "Marca": "Skino",
        "Preco": 1.59,
        "Unidade_Info": "10 Un | 0,16 €/Un",
        "Categorias_GTM": "As Nossas Marcas, Skino, Higiene Pessoal e Beleza, Homem, Rosto e Barba",
        "Data_Coleta": "2025-06-01 02:16:39"
    },
    {
        "ID_Produto": "931173",
        "Categoria_Scraping": "higiene pessoal e beleza",
        "Nome": "Lâminas Descartáveis Tripla",
        "Marca": "Be Beauty",
        "Preco": 2.15,
        "Unidade_Info": "4 Un | 0,54 €/Un",
        "Categorias_GTM": "As Nossas Marcas, Be Beauty, Categoria Referência SFCC, Corpo, Depilatórios",
        "Data_Coleta": "2025-06-01 02:16:39"
    },
    {
        "ID_Produto": "930407",
        "Categoria_Scraping": "higiene pessoal e beleza",
        "Nome": "Lâminas Descartáveis Tripla Men",
        "Marca": "Skino",
        "Preco": 1.79,
        "Unidade_Info": "4 Un | 0,45 €/Un",
        "Categorias_GTM": "Higiene Pessoal e Beleza, Homem, Rosto e Barba, As Nossas Marcas, Skino",
        "Data_Coleta": "2025-06-01 02:16:39"
    },
    {
        "ID_Produto": "937010",
        "Categoria_Scraping": "higiene pessoal e beleza",
        "Nome": "Leite Corporal",
        "Marca": "Be Beauty",
        "Preco": 1.89,
        "Unidade_Info": "0.4 L | 4,72 €/L",
        "Categorias_GTM": "Categoria Referência SFCC, Corpo, Hidratação, Higiene Pessoal e Beleza, As Nossas Marcas",
        "Data_Coleta": "2025-06-01 02:16:46"
    },
    {
        "ID_Produto": "864766",
        "Categoria_Scraping": "higiene pessoal e beleza",
        "Nome": "Leite de Limpeza",
        "Marca": "Be Beauty",
        "Preco": 1.29,
        "Unidade_Info": "0.25 L | 5,16 €/L",
        "Categorias_GTM": "Higiene Pessoal e Beleza, Limpeza, Rosto, As Nossas Marcas, Be Beauty",
        "Data_Coleta": "2025-06-01 02:16:46"
    },
    {
        "ID_Produto": "765149",
        "Categoria_Scraping": "higiene pessoal e beleza",
        "Nome": "Lenços de Bolso Kids Pack 6",
        "Marca": "Pingo Doce",
        "Preco": 0.89,
        "Unidade_Info": "6 x6 Un | 0,02 €/Un",
        "Categorias_GTM": "Categoria Referência SFCC, Higiene Pessoal e Beleza, Lenços de Papel, As Nossas Marcas, Pingo Doce",
        "Data_Coleta": "2025-06-01 02:16:46"
    },
    {
        "ID_Produto": "921738",
        "Categoria_Scraping": "higiene pessoal e beleza",
        "Nome": "Lenços de Bolso Mentol Pack 6",
        "Marca": "Pingo Doce",
        "Preco": 0.84,
        "Unidade_Info": "6 x6 Un | 0,02 €/Un",
        "Categorias_GTM": "As Nossas Marcas, Pingo Doce, Categoria Referência SFCC, Higiene Pessoal e Beleza, Lenços de Papel",
        "Data_Coleta": "2025-06-01 02:16:46"
    },
    {
        "ID_Produto": "973623",
        "Categoria_Scraping": "higiene pessoal e beleza",
        "Nome": "Manteiga Desmaquilhante Clean",
        "Marca": "Be Beauty",
        "Preco": 2.99,
        "Unidade_Info": "0.04 Kg | 74,75 €/Kg",
        "Categorias_GTM": "Higiene Pessoal e Beleza, Limpeza, Rosto, As Nossas Marcas, Be Beauty",
        "Data_Coleta": "2025-06-01 02:16:46"
    },
    {
        "ID_Produto": "973624",
        "Categoria_Scraping": "higiene pessoal e beleza",
        "Nome": "Manteiga Desmaquilhante Maracujá",
        "Marca": "Be Beauty",
        "Preco": 2.99,
        "Unidade_Info": "0.04 Kg | 74,75 €/Kg",
        "Categorias_GTM": "Higiene Pessoal e Beleza, Limpeza, Rosto, As Nossas Marcas, Be Beauty",
        "Data_Coleta": "2025-06-01 02:16:46"
    },
    {
        "ID_Produto": "921318",
        "Categoria_Scraping": "higiene pessoal e beleza",
        "Nome": "Máquina de Barbear GT6 Chrome com Recarga",
        "Marca": "Skino",
        "Preco": 5.49,
        "Unidade_Info": "1 Un | 5,49 €/Un",
        "Categorias_GTM": "As Nossas Marcas, Skino, Categoria Referência SFCC, Higiene Pessoal e Beleza, Homem",
        "Data_Coleta": "2025-06-01 02:16:46"
    },
    {
        "ID_Produto": "967690",
        "Categoria_Scraping": "higiene pessoal e beleza",
        "Nome": "Máscara Cabelo Elvive Hidra Hialurónico",
        "Marca": "Be Beauty",
        "Preco": 2.89,
        "Unidade_Info": "0.4 L | 7,23 €/L",
        "Categorias_GTM": "Cabelo, Higiene Pessoal e Beleza, Máscaras e Tratamentos, As Nossas Marcas, Be Beauty",
        "Data_Coleta": "2025-06-01 02:16:46"
    },
    {
        "ID_Produto": "938280",
        "Categoria_Scraping": "higiene pessoal e beleza",
        "Nome": "Máscara Cabelo Liso e Sedoso",
        "Marca": "Be Beauty",
        "Preco": 2.49,
        "Unidade_Info": "0.4 L | 6,23 €/L",
        "Categorias_GTM": "Cabelo, Higiene Pessoal e Beleza, Máscaras e Tratamentos, As Nossas Marcas, Be Beauty",
        "Data_Coleta": "2025-06-01 02:16:46"
    },
    {
        "ID_Produto": "938281",
        "Categoria_Scraping": "higiene pessoal e beleza",
        "Nome": "Máscara Cabelo Nutrição Intensa",
        "Marca": "Be Beauty",
        "Preco": 2.49,
        "Unidade_Info": "0.4 L | 6,23 €/L",
        "Categorias_GTM": "Cabelo, Higiene Pessoal e Beleza, Máscaras e Tratamentos, As Nossas Marcas, Be Beauty",
        "Data_Coleta": "2025-06-01 02:16:46"
    },
    {
        "ID_Produto": "955063",
        "Categoria_Scraping": "higiene pessoal e beleza",
        "Nome": "Máscara Esfoliante de Pés",
        "Marca": "Be Beauty",
        "Preco": 1.99,
        "Unidade_Info": "1 Un | 1,99 €/Un",
        "Categorias_GTM": "Categoria Referência SFCC, As Nossas Marcas, Be Beauty, Corpo, Hidratação",
        "Data_Coleta": "2025-06-01 02:16:46"
    },
    {
        "ID_Produto": "965885",
        "Categoria_Scraping": "higiene pessoal e beleza",
        "Nome": "Máscara Facial 2 em 1 com Kombucha e Colagénio",
        "Marca": "Be Beauty",
        "Preco": 1.49,
        "Unidade_Info": "0.016 L | 93,13 €/L",
        "Categorias_GTM": "As Nossas Marcas, Be Beauty, Higiene Pessoal e Beleza, Rosto, Limpeza",
        "Data_Coleta": "2025-06-01 02:16:46"
    },
    {
        "ID_Produto": "965877",
        "Categoria_Scraping": "higiene pessoal e beleza",
        "Nome": "Máscara Facial com Ácido Hialurónico e Bakuchiol",
        "Marca": "Be Beauty",
        "Preco": 1.49,
        "Unidade_Info": "0.016 L | 93,13 €/L",
        "Categorias_GTM": "As Nossas Marcas, Be Beauty, Higiene Pessoal e Beleza, Rosto, Limpeza",
        "Data_Coleta": "2025-06-01 02:16:53"
    },
    {
        "ID_Produto": "965876",
        "Categoria_Scraping": "higiene pessoal e beleza",
        "Nome": "Máscara Facial com Vitamina C",
        "Marca": "Be Beauty",
        "Preco": 1.39,
        "Unidade_Info": "0.016 L | 86,87 €/L",
        "Categorias_GTM": "As Nossas Marcas, Be Beauty, Higiene Pessoal e Beleza, Limpeza, Rosto",
        "Data_Coleta": "2025-06-01 02:16:53"
    },
    {
        "ID_Produto": "967548",
        "Categoria_Scraping": "higiene pessoal e beleza",
        "Nome": "Máscara Facial Tecido com Bakuchiol",
        "Marca": "Be Beauty",
        "Preco": 1.69,
        "Unidade_Info": "1 Un | 1,69 €/Un",
        "Categorias_GTM": "As Nossas Marcas, Be Beauty, Higiene Pessoal e Beleza, Limpeza, Rosto",
        "Data_Coleta": "2025-06-01 02:16:53"
    },
    {
        "ID_Produto": "952250",
        "Categoria_Scraping": "higiene pessoal e beleza",
        "Nome": "Máscara Hidratante de Pés",
        "Marca": "Be Beauty",
        "Preco": 1.99,
        "Unidade_Info": "1 Un | 1,99 €/Un",
        "Categorias_GTM": "As Nossas Marcas, Be Beauty, Categoria Referência SFCC, Corpo, Hidratação",
        "Data_Coleta": "2025-06-01 02:16:53"
    },
    {
        "ID_Produto": "908555",
        "Categoria_Scraping": "higiene pessoal e beleza",
        "Nome": "Mousse Efeito Caracóis",
        "Marca": "Be Beauty",
        "Preco": 1.39,
        "Unidade_Info": "0.25 L | 5,56 €/L",
        "Categorias_GTM": "Cabelo, Higiene Pessoal e Beleza, Laca, Espuma e Outros, As Nossas Marcas, Be Beauty",
        "Data_Coleta": "2025-06-01 02:16:53"
    },
    {
        "ID_Produto": "900641",
        "Categoria_Scraping": "higiene pessoal e beleza",
        "Nome": "Óleo de Amêndoas Doces",
        "Marca": "Be Beauty",
        "Preco": 1.34,
        "Unidade_Info": "0.1 L | 13,4 €/L",
        "Categorias_GTM": "As Nossas Marcas, Be Beauty, Categoria Referência SFCC, Cuidados de Saúde, Higiene Pessoal e Beleza",
        "Data_Coleta": "2025-06-01 02:16:53"
    },
    {
        "ID_Produto": "974275",
        "Categoria_Scraping": "higiene pessoal e beleza",
        "Nome": "Óleo de Argão",
        "Marca": "Be Beauty",
        "Preco": 4.29,
        "Unidade_Info": "0.1 L | 42,9 €/L",
        "Categorias_GTM": "As Nossas Marcas, Be Beauty, Cabelo, Higiene Pessoal e Beleza, Máscaras e Tratamentos",
        "Data_Coleta": "2025-06-01 02:16:53"
    },
    {
        "ID_Produto": "939446",
        "Categoria_Scraping": "higiene pessoal e beleza",
        "Nome": "Óleo para Rosto e Corpo Be Oil",
        "Marca": "Be Beauty",
        "Preco": 3.69,
        "Unidade_Info": "0.075 L | 49,2 €/L",
        "Categorias_GTM": "As Nossas Marcas, Be Beauty, Categoria Referência SFCC, Corpo, Hidratação",
        "Data_Coleta": "2025-06-01 02:16:53"
    },
    {
        "ID_Produto": "936026",
        "Categoria_Scraping": "higiene pessoal e beleza",
        "Nome": "Pasta de Dentes 2 em 1 Fresh",
        "Marca": "Pingo Doce",
        "Preco": 0.99,
        "Unidade_Info": "0.1 L | 9,9 €/L",
        "Categorias_GTM": "Higiene Oral, As Nossas Marcas, Pingo Doce, Categoria Referência SFCC, Higiene Pessoal e Beleza",
        "Data_Coleta": "2025-06-01 02:16:53"
    },
    {
        "ID_Produto": "985790",
        "Categoria_Scraping": "higiene pessoal e beleza",
        "Nome": "Pasta de Dentes Anti-Cáries",
        "Marca": "Pingo Doce",
        "Preco": 0.99,
        "Unidade_Info": "0.1 L | 9,9 €/L",
        "Categorias_GTM": "Higiene Oral, Higiene Pessoal e Beleza, Pasta de Dentes, As Nossas Marcas, Pingo Doce",
        "Data_Coleta": "2025-06-01 02:16:53"
    },
    {
        "ID_Produto": "985791",
        "Categoria_Scraping": "higiene pessoal e beleza",
        "Nome": "Pasta de Dentes Branqueadora",
        "Marca": "Pingo Doce",
        "Preco": 1.09,
        "Unidade_Info": "0.1 L | 10,9 €/L",
        "Categorias_GTM": "Higiene Oral, Higiene Pessoal e Beleza, Pasta de Dentes, As Nossas Marcas, Pingo Doce",
        "Data_Coleta": "2025-06-01 02:16:53"
    },
    {
        "ID_Produto": "985792",
        "Categoria_Scraping": "higiene pessoal e beleza",
        "Nome": "Pasta de Dentes Branqueadora Carvão",
        "Marca": "Pingo Doce",
        "Preco": 1.39,
        "Unidade_Info": "0.1 L | 13,9 €/L",
        "Categorias_GTM": "Higiene Oral, Higiene Pessoal e Beleza, Pasta de Dentes, As Nossas Marcas, Pingo Doce",
        "Data_Coleta": "2025-06-01 02:16:53"
    },
    {
        "ID_Produto": "985521",
        "Categoria_Scraping": "higiene pessoal e beleza",
        "Nome": "Pasta de Dentes Frescura Máxima",
        "Marca": "Pingo Doce",
        "Preco": 1.09,
        "Unidade_Info": "0.1 L | 10,9 €/L",
        "Categorias_GTM": "Higiene Oral, Higiene Pessoal e Beleza, Pasta de Dentes, As Nossas Marcas, Pingo Doce",
        "Data_Coleta": "2025-06-01 02:17:00"
    },
    {
        "ID_Produto": "985518",
        "Categoria_Scraping": "higiene pessoal e beleza",
        "Nome": "Pasta de Dentes Herbal",
        "Marca": "Pingo Doce",
        "Preco": 0.99,
        "Unidade_Info": "0.1 L | 9,9 €/L",
        "Categorias_GTM": "Higiene Oral, Higiene Pessoal e Beleza, Pasta de Dentes, As Nossas Marcas, Pingo Doce",
        "Data_Coleta": "2025-06-01 02:17:00"
    },
    {
        "ID_Produto": "866778",
        "Categoria_Scraping": "higiene pessoal e beleza",
        "Nome": "Pasta de Dentes Júnior +6 anos",
        "Marca": "Pingo Doce",
        "Preco": 0.89,
        "Unidade_Info": "0.075 Un | 11,87 €/Un",
        "Categorias_GTM": "Higiene Oral, Higiene Pessoal e Beleza, Pasta de Dentes, As Nossas Marcas, Pingo Doce",
        "Data_Coleta": "2025-06-01 02:17:00"
    },
    {
        "ID_Produto": "985519",
        "Categoria_Scraping": "higiene pessoal e beleza",
        "Nome": "Pasta de Dentes Proteção Total",
        "Marca": "Pingo Doce",
        "Preco": 1.19,
        "Unidade_Info": "0.1 L | 11,9 €/L",
        "Categorias_GTM": "Higiene Oral, Higiene Pessoal e Beleza, Pasta de Dentes, As Nossas Marcas, Pingo Doce",
        "Data_Coleta": "2025-06-01 02:17:00"
    },
    {
        "ID_Produto": "939448",
        "Categoria_Scraping": "higiene pessoal e beleza",
        "Nome": "Pasta de Dentes Suave 2-6 anos",
        "Marca": "Cuida Bebé",
        "Preco": 0.89,
        "Unidade_Info": "0.075 L | 11,87 €/L",
        "Categorias_GTM": "Higiene Oral, Higiene Pessoal e Beleza, Pasta de Dentes, As Nossas Marcas, Cuida Bebé",
        "Data_Coleta": "2025-06-01 02:17:00"
    },
    {
        "ID_Produto": "768780",
        "Categoria_Scraping": "higiene pessoal e beleza",
        "Nome": "Pastilhas para Limpeza de Próteses Dentárias",
        "Marca": "Pingo Doce",
        "Preco": 2.99,
        "Unidade_Info": "32 Un | 0,09 €/Un",
        "Categorias_GTM": "Categoria Referência SFCC, Cuidados para Próteses, Higiene Oral, Higiene Pessoal e Beleza, As Nossas Marcas",
        "Data_Coleta": "2025-06-01 02:17:00"
    },
    {
        "ID_Produto": "940390",
        "Categoria_Scraping": "higiene pessoal e beleza",
        "Nome": "Penso Hig Cotton Normal Abas Pd 14un",
        "Marca": "Pingo Doce",
        "Preco": 1.69,
        "Unidade_Info": "14 Un | 0,12 €/Un",
        "Categorias_GTM": "Higiene Íntima, Higiene Pessoal e Beleza, Pensos Higiénicos, As Nossas Marcas, Pingo Doce",
        "Data_Coleta": "2025-06-01 02:17:00"
    },
    {
        "ID_Produto": "940387",
        "Categoria_Scraping": "higiene pessoal e beleza",
        "Nome": "Penso Hig Cotton Super Abas Pd 12un",
        "Marca": "Pingo Doce",
        "Preco": 1.69,
        "Unidade_Info": "12 Un | 0,14 €/Un",
        "Categorias_GTM": "Higiene Íntima, Higiene Pessoal e Beleza, Pensos Higiénicos, As Nossas Marcas, Pingo Doce",
        "Data_Coleta": "2025-06-01 02:17:00"
    },
    {
        "ID_Produto": "878094",
        "Categoria_Scraping": "higiene pessoal e beleza",
        "Nome": "Penso Higiénico Aloe Vera Com Abas",
        "Marca": "Pingo Doce",
        "Preco": 1.49,
        "Unidade_Info": "16 Un | 0,09 €/Un",
        "Categorias_GTM": "Higiene Íntima, Higiene Pessoal e Beleza, Pensos Higiénicos, As Nossas Marcas, Pingo Doce",
        "Data_Coleta": "2025-06-01 02:17:00"
    },
    {
        "ID_Produto": "925492",
        "Categoria_Scraping": "higiene pessoal e beleza",
        "Nome": "Penso Higienico Classico com Abas",
        "Marca": "Pingo Doce",
        "Preco": 1.29,
        "Unidade_Info": "16 Un | 0,08 €/Un",
        "Categorias_GTM": "Higiene Íntima, Higiene Pessoal e Beleza, Pensos Higiénicos, Pingo Doce, As Nossas Marcas",
        "Data_Coleta": "2025-06-01 02:17:00"
    },
    {
        "ID_Produto": "878221",
        "Categoria_Scraping": "higiene pessoal e beleza",
        "Nome": "Penso Higienico Noite com Abas",
        "Marca": "Pingo Doce",
        "Preco": 1.19,
        "Unidade_Info": "10 Un | 0,12 €/Un",
        "Categorias_GTM": "Higiene Íntima, Higiene Pessoal e Beleza, Pensos Higiénicos, As Nossas Marcas, Pingo Doce",
        "Data_Coleta": "2025-06-01 02:17:00"
    },
    {
        "ID_Produto": "878222",
        "Categoria_Scraping": "higiene pessoal e beleza",
        "Nome": "Penso Higienico Normal sem Abas",
        "Marca": "Pingo Doce",
        "Preco": 2.09,
        "Unidade_Info": "28 Un | 0,07 €/Un",
        "Categorias_GTM": "Higiene Íntima, Higiene Pessoal e Beleza, Pensos Higiénicos, As Nossas Marcas, Pingo Doce",
        "Data_Coleta": "2025-06-01 02:17:00"
    },
    {
        "ID_Produto": "840353",
        "Categoria_Scraping": "higiene pessoal e beleza",
        "Nome": "Penso Incontinência Discreta Mini",
        "Marca": "Pingo Doce",
        "Preco": 2.19,
        "Unidade_Info": "20 Un | 0,11 €/Un",
        "Categorias_GTM": "As Nossas Marcas, Pingo Doce, Fraldas e Cuecas, Higiene Pessoal e Beleza, Incontinência",
        "Data_Coleta": "2025-06-01 02:17:07"
    },
    {
        "ID_Produto": "831521",
        "Categoria_Scraping": "higiene pessoal e beleza",
        "Nome": "Penso Incontinência Discreta Normal",
        "Marca": "Pingo Doce",
        "Preco": 3.19,
        "Unidade_Info": "24 Un | 0,13 €/Un",
        "Categorias_GTM": "As Nossas Marcas, Pingo Doce, Fraldas e Cuecas, Higiene Pessoal e Beleza, Incontinência",
        "Data_Coleta": "2025-06-01 02:17:07"
    },
    {
        "ID_Produto": "763326",
        "Categoria_Scraping": "higiene pessoal e beleza",
        "Nome": "Penso Incontinência Homem",
        "Marca": "Pingo Doce",
        "Preco": 3.89,
        "Unidade_Info": "20 Un | 0,19 €/Un",
        "Categorias_GTM": "Categoria Referência SFCC, As Nossas Marcas, Pingo Doce, Fraldas e Cuecas, Higiene Pessoal e Beleza",
        "Data_Coleta": "2025-06-01 02:17:07"
    },
    {
        "ID_Produto": "943333",
        "Categoria_Scraping": "higiene pessoal e beleza",
        "Nome": "Pensos Incontinência Clássico Extra",
        "Marca": "Pingo Doce",
        "Preco": 3.19,
        "Unidade_Info": "20 Un | 0,16 €/Un",
        "Categorias_GTM": "Categoria Referência SFCC, As Nossas Marcas, Pingo Doce, Fraldas e Cuecas, Higiene Pessoal e Beleza",
        "Data_Coleta": "2025-06-01 02:17:07"
    },
    {
        "ID_Produto": "922349",
        "Categoria_Scraping": "higiene pessoal e beleza",
        "Nome": "Pensos Rápidos Clássicos",
        "Marca": "Pingo Doce",
        "Preco": 0.64,
        "Unidade_Info": "30 Un | 0,02 €/Un",
        "Categorias_GTM": "As Nossas Marcas, Pingo Doce, Categoria Referência SFCC, Cuidados de Saúde, Higiene Pessoal e Beleza",
        "Data_Coleta": "2025-06-01 02:17:07"
    },
    {
        "ID_Produto": "923099",
        "Categoria_Scraping": "higiene pessoal e beleza",
        "Nome": "Pensos Rápidos Finos Impermiáveis",
        "Marca": "Pingo Doce",
        "Preco": 0.99,
        "Unidade_Info": "20 Un | 0,05 €/Un",
        "Categorias_GTM": "As Nossas Marcas, Pingo Doce, Categoria Referência SFCC, Cuidados de Saúde, Higiene Pessoal e Beleza",
        "Data_Coleta": "2025-06-01 02:17:07"
    },
    {
        "ID_Produto": "927342",
        "Categoria_Scraping": "higiene pessoal e beleza",
        "Nome": "Pensos Rápidos para Bolhas",
        "Marca": "Pingo Doce",
        "Preco": 2.19,
        "Unidade_Info": "5 Un | 0,44 €/Un",
        "Categorias_GTM": "Cuidados de Saúde, Higiene Pessoal e Beleza, Primeiros Socorros, As Nossas Marcas, Pingo Doce",
        "Data_Coleta": "2025-06-01 02:17:07"
    },
    {
        "ID_Produto": "925903",
        "Categoria_Scraping": "higiene pessoal e beleza",
        "Nome": "Pensos Rápidos para Calos",
        "Marca": "Pingo Doce",
        "Preco": 0.79,
        "Unidade_Info": "10 Un | 0,08 €/Un",
        "Categorias_GTM": "As Nossas Marcas, Pingo Doce, Cuidados de Saúde, Higiene Pessoal e Beleza, Categoria Referência SFCC",
        "Data_Coleta": "2025-06-01 02:17:07"
    },
    {
        "ID_Produto": "922706",
        "Categoria_Scraping": "higiene pessoal e beleza",
        "Nome": "Pensos Rápidos para Crianças",
        "Marca": "Pingo Doce",
        "Preco": 0.69,
        "Unidade_Info": "20 Un | 0,03 €/Un",
        "Categorias_GTM": "As Nossas Marcas, Pingo Doce, Categoria Referência SFCC, Cuidados de Saúde, Higiene Pessoal e Beleza",
        "Data_Coleta": "2025-06-01 02:17:07"
    },
    {
        "ID_Produto": "922348",
        "Categoria_Scraping": "higiene pessoal e beleza",
        "Nome": "Pensos Rápidos Sortido Clássicos",
        "Marca": "Pingo Doce",
        "Preco": 1.74,
        "Unidade_Info": "100 Un | 0,02 €/Un",
        "Categorias_GTM": "As Nossas Marcas, Pingo Doce, Categoria Referência SFCC, Cuidados de Saúde, Higiene Pessoal e Beleza",
        "Data_Coleta": "2025-06-01 02:17:07"
    },
    {
        "ID_Produto": "878218",
        "Categoria_Scraping": "higiene pessoal e beleza",
        "Nome": "Protetor Diário Diário Aloe Vera",
        "Marca": "Pingo Doce",
        "Preco": 1.49,
        "Unidade_Info": "30 Un | 0,05 €/Un",
        "Categorias_GTM": "Higiene Íntima, Higiene Pessoal e Beleza, Pensos Diários, As Nossas Marcas, Pingo Doce",
        "Data_Coleta": "2025-06-01 02:17:07"
    },
    {
        "ID_Produto": "878169",
        "Categoria_Scraping": "higiene pessoal e beleza",
        "Nome": "Protetor Diário Diário Maxi",
        "Marca": "Pingo Doce",
        "Preco": 1.99,
        "Unidade_Info": "52 Un | 0,04 €/Un",
        "Categorias_GTM": "As Nossas Marcas, Pingo Doce, Higiene Íntima, Higiene Pessoal e Beleza, Pensos Diários",
        "Data_Coleta": "2025-06-01 02:17:07"
    },
    {
        "ID_Produto": "878219",
        "Categoria_Scraping": "higiene pessoal e beleza",
        "Nome": "Protetor Diário Duoform/Tanga",
        "Marca": "Pingo Doce",
        "Preco": 1.24,
        "Unidade_Info": "30 Un | 0,04 €/Un",
        "Categorias_GTM": "Pensos Diários, Higiene Íntima, Higiene Pessoal e Beleza, As Nossas Marcas, Pingo Doce",
        "Data_Coleta": "2025-06-01 02:17:15"
    },
    {
        "ID_Produto": "952940",
        "Categoria_Scraping": "higiene pessoal e beleza",
        "Nome": "Protetor Diário Multiforme Tanga",
        "Marca": "Pingo Doce",
        "Preco": 1.79,
        "Unidade_Info": "50 Un | 0,04 €/Un",
        "Categorias_GTM": "As Nossas Marcas, Pingo Doce, Categoria Referência SFCC, Higiene Íntima, Higiene Pessoal e Beleza",
        "Data_Coleta": "2025-06-01 02:17:15"
    },
    {
        "ID_Produto": "878347",
        "Categoria_Scraping": "higiene pessoal e beleza",
        "Nome": "Recarga Lâminas de Barbear GT6 Chrome",
        "Marca": "Skino",
        "Preco": 5.69,
        "Unidade_Info": "4 Un | 1,42 €/Un",
        "Categorias_GTM": "Higiene Pessoal e Beleza, Homem, Rosto e Barba, As Nossas Marcas, Skino",
        "Data_Coleta": "2025-06-01 02:17:15"
    },
    {
        "ID_Produto": "643968",
        "Categoria_Scraping": "higiene pessoal e beleza",
        "Nome": "Recarga Sistema de Barbear Men",
        "Marca": "Skino",
        "Preco": 4.99,
        "Unidade_Info": "4 Un | 1,25 €/Un",
        "Categorias_GTM": "Categoria Referência SFCC, Higiene Pessoal e Beleza, Homem, Rosto e Barba, As Nossas Marcas",
        "Data_Coleta": "2025-06-01 02:17:15"
    },
    {
        "ID_Produto": "900957",
        "Categoria_Scraping": "higiene pessoal e beleza",
        "Nome": "Removedor de Verniz sem Acetona",
        "Marca": "Be Beauty",
        "Preco": 1.39,
        "Unidade_Info": "0.25 L | 5,56 €/L",
        "Categorias_GTM": "As Nossas Marcas, Be Beauty, Categoria Referência SFCC, Corpo, Higiene Pessoal e Beleza",
        "Data_Coleta": "2025-06-01 02:17:15"
    },
    {
        "ID_Produto": "928938",
        "Categoria_Scraping": "higiene pessoal e beleza",
        "Nome": "Sabonete de Glicerina Clássico",
        "Marca": "Pingo Doce",
        "Preco": 0.59,
        "Unidade_Info": "0.1 Kg | 5,9 €/Kg",
        "Categorias_GTM": "Corpo, Higiene Pessoal e Beleza, Sabonetes, As Nossas Marcas, Pingo Doce",
        "Data_Coleta": "2025-06-01 02:17:15"
    },
    {
        "ID_Produto": "928937",
        "Categoria_Scraping": "higiene pessoal e beleza",
        "Nome": "Sabonete de Glicerina Mel",
        "Marca": "Pingo Doce",
        "Preco": 0.59,
        "Unidade_Info": "0.1 Kg | 5,9 €/Kg",
        "Categorias_GTM": "As Nossas Marcas, Pingo Doce, Corpo, Higiene Pessoal e Beleza, Sabonetes",
        "Data_Coleta": "2025-06-01 02:17:15"
    },
    {
        "ID_Produto": "911434",
        "Categoria_Scraping": "higiene pessoal e beleza",
        "Nome": "Sabonete Espuma Doseador Lima e Menta",
        "Marca": "Pingo Doce",
        "Preco": 1.69,
        "Unidade_Info": "0.3 L | 5,63 €/L",
        "Categorias_GTM": "As Nossas Marcas, Pingo Doce, Corpo, Higiene Pessoal e Beleza, Sabonetes",
        "Data_Coleta": "2025-06-01 02:17:15"
    },
    {
        "ID_Produto": "935569",
        "Categoria_Scraping": "higiene pessoal e beleza",
        "Nome": "Sabonete Espuma Doseador Sakura",
        "Marca": "Pingo Doce",
        "Preco": 1.49,
        "Unidade_Info": "0.3 L | 4,97 €/L",
        "Categorias_GTM": "Sabonetes, As Nossas Marcas, Pingo Doce, Categoria Referência SFCC, Corpo",
        "Data_Coleta": "2025-06-01 02:17:15"
    },
    {
        "ID_Produto": "966606",
        "Categoria_Scraping": "higiene pessoal e beleza",
        "Nome": "Sabonete Líquido",
        "Marca": "Pingo Doce",
        "Preco": 0.89,
        "Unidade_Info": "0.5 L | 1,78 €/L",
        "Categorias_GTM": "Corpo, Higiene Pessoal e Beleza, Sabonetes, As Nossas Marcas, Pingo Doce",
        "Data_Coleta": "2025-06-01 02:17:15"
    },
    {
        "ID_Produto": "939642",
        "Categoria_Scraping": "higiene pessoal e beleza",
        "Nome": "Sabonete Líquido Antiodores Doseador",
        "Marca": "Pingo Doce",
        "Preco": 1.29,
        "Unidade_Info": "0.5 L | 2,58 €/L",
        "Categorias_GTM": "Corpo, Higiene Pessoal e Beleza, Sabonetes, As Nossas Marcas, Pingo Doce",
        "Data_Coleta": "2025-06-01 02:17:15"
    },
    {
        "ID_Produto": "933583",
        "Categoria_Scraping": "higiene pessoal e beleza",
        "Nome": "Sabonete Líquido Doseador Hidratante",
        "Marca": "Pingo Doce",
        "Preco": 1.29,
        "Unidade_Info": "0.5 L | 2,58 €/L",
        "Categorias_GTM": "As Nossas Marcas, Pingo Doce, Categoria Referência SFCC, Corpo, Higiene Pessoal e Beleza",
        "Data_Coleta": "2025-06-01 02:17:15"
    },
    {
        "ID_Produto": "933582",
        "Categoria_Scraping": "higiene pessoal e beleza",
        "Nome": "Sabonete Líquido Doseador Leite e Mel",
        "Marca": "Pingo Doce",
        "Preco": 1.29,
        "Unidade_Info": "0.5 L | 2,58 €/L",
        "Categorias_GTM": "As Nossas Marcas, Pingo Doce, Categoria Referência SFCC, Corpo, Higiene Pessoal e Beleza",
        "Data_Coleta": "2025-06-01 02:17:22"
    },
    {
        "ID_Produto": "933581",
        "Categoria_Scraping": "higiene pessoal e beleza",
        "Nome": "Sabonete Líquido Doseador Maçãs Verdes",
        "Marca": "Pingo Doce",
        "Preco": 1.29,
        "Unidade_Info": "0.5 L | 2,58 €/L",
        "Categorias_GTM": "As Nossas Marcas, Pingo Doce, Categoria Referência SFCC, Corpo, Higiene Pessoal e Beleza",
        "Data_Coleta": "2025-06-01 02:17:22"
    },
    {
        "ID_Produto": "899393",
        "Categoria_Scraping": "higiene pessoal e beleza",
        "Nome": "Sabonete Sólido Baunilha e Coco",
        "Marca": "Pingo Doce",
        "Preco": 0.59,
        "Unidade_Info": "0.09 Kg | 6,56 €/Kg",
        "Categorias_GTM": "As Nossas Marcas, Pingo Doce, Categoria Referência SFCC, Corpo, Higiene Pessoal e Beleza",
        "Data_Coleta": "2025-06-01 02:17:22"
    },
    {
        "ID_Produto": "899390",
        "Categoria_Scraping": "higiene pessoal e beleza",
        "Nome": "Sabonete Sólido Leite e Mel",
        "Marca": "Pingo Doce",
        "Preco": 0.59,
        "Unidade_Info": "0.09 Kg | 6,56 €/Kg",
        "Categorias_GTM": "As Nossas Marcas, Pingo Doce, Categoria Referência SFCC, Corpo, Higiene Pessoal e Beleza",
        "Data_Coleta": "2025-06-01 02:17:22"
    },
    {
        "ID_Produto": "899392",
        "Categoria_Scraping": "higiene pessoal e beleza",
        "Nome": "Sabonete Sólido Pêssego",
        "Marca": "Pingo Doce",
        "Preco": 0.59,
        "Unidade_Info": "0.09 Kg | 6,56 €/Kg",
        "Categorias_GTM": "As Nossas Marcas, Pingo Doce, Categoria Referência SFCC, Corpo, Higiene Pessoal e Beleza",
        "Data_Coleta": "2025-06-01 02:17:22"
    },
    {
        "ID_Produto": "955126",
        "Categoria_Scraping": "higiene pessoal e beleza",
        "Nome": "Sérum Capilar para Cabelos Espigados",
        "Marca": "Be Beauty",
        "Preco": 2.89,
        "Unidade_Info": "0.05 L | 57,8 €/L",
        "Categorias_GTM": "Categoria Referência SFCC, As Nossas Marcas, Be Beauty, Cabelo, Higiene Pessoal e Beleza",
        "Data_Coleta": "2025-06-01 02:17:22"
    },
    {
        "ID_Produto": "974641",
        "Categoria_Scraping": "higiene pessoal e beleza",
        "Nome": "Sérum de Rosto com Ácido Hialurónico",
        "Marca": "Be Beauty",
        "Preco": 4.79,
        "Unidade_Info": "0.03 L | 159,67 €/L",
        "Categorias_GTM": "Hidratação, Higiene Pessoal e Beleza, Rosto, As Nossas Marcas, Be Beauty",
        "Data_Coleta": "2025-06-01 02:17:22"
    },
    {
        "ID_Produto": "945140",
        "Categoria_Scraping": "higiene pessoal e beleza",
        "Nome": "Sérum de Rosto com Bakuchiol",
        "Marca": "Be Beauty",
        "Preco": 5.49,
        "Unidade_Info": "0.03 L | 183 €/L",
        "Categorias_GTM": "As Nossas Marcas, Be Beauty, Categoria Referência SFCC, Hidratação, Higiene Pessoal e Beleza",
        "Data_Coleta": "2025-06-01 02:17:22"
    },
    {
        "ID_Produto": "644116",
        "Categoria_Scraping": "higiene pessoal e beleza",
        "Nome": "Soro Fisiológico",
        "Marca": "Pingo Doce",
        "Preco": 0.59,
        "Unidade_Info": "0.1 L | 5,9 €/L",
        "Categorias_GTM": "As Nossas Marcas, Pingo Doce, Categoria Referência SFCC, Cuidados de Saúde, Higiene Pessoal e Beleza",
        "Data_Coleta": "2025-06-01 02:17:22"
    },
    {
        "ID_Produto": "880354",
        "Categoria_Scraping": "higiene pessoal e beleza",
        "Nome": "Tampão com Aplicador Normal",
        "Marca": "Pingo Doce",
        "Preco": 1.99,
        "Unidade_Info": "16 Un | 0,12 €/Un",
        "Categorias_GTM": "As Nossas Marcas, Pingo Doce, Higiene Íntima, Higiene Pessoal e Beleza, Tampões",
        "Data_Coleta": "2025-06-01 02:17:22"
    },
    {
        "ID_Produto": "880355",
        "Categoria_Scraping": "higiene pessoal e beleza",
        "Nome": "Tampão com Aplicador Super",
        "Marca": "Pingo Doce",
        "Preco": 1.99,
        "Unidade_Info": "16 Un | 0,12 €/Un",
        "Categorias_GTM": "As Nossas Marcas, Pingo Doce, Higiene Íntima, Higiene Pessoal e Beleza, Tampões",
        "Data_Coleta": "2025-06-01 02:17:22"
    },
    {
        "ID_Produto": "879305",
        "Categoria_Scraping": "higiene pessoal e beleza",
        "Nome": "Tampão Digital Mini",
        "Marca": "Pingo Doce",
        "Preco": 1.99,
        "Unidade_Info": "32 Un | 0,06 €/Un",
        "Categorias_GTM": "As Nossas Marcas, Pingo Doce, Higiene Íntima, Higiene Pessoal e Beleza, Tampões",
        "Data_Coleta": "2025-06-01 02:17:22"
    },
    {
        "ID_Produto": "879306",
        "Categoria_Scraping": "higiene pessoal e beleza",
        "Nome": "Tampão Digital Normal",
        "Marca": "Pingo Doce",
        "Preco": 1.99,
        "Unidade_Info": "32 Un | 0,06 €/Un",
        "Categorias_GTM": "As Nossas Marcas, Pingo Doce, Higiene Íntima, Higiene Pessoal e Beleza, Tampões",
        "Data_Coleta": "2025-06-01 02:17:30"
    },
    {
        "ID_Produto": "879307",
        "Categoria_Scraping": "higiene pessoal e beleza",
        "Nome": "Tampão Digital Super",
        "Marca": "Pingo Doce",
        "Preco": 1.99,
        "Unidade_Info": "32 Un | 0,06 €/Un",
        "Categorias_GTM": "Higiene Íntima, Higiene Pessoal e Beleza, Tampões, As Nossas Marcas, Pingo Doce",
        "Data_Coleta": "2025-06-01 02:17:30"
    },
    {
        "ID_Produto": "870872",
        "Categoria_Scraping": "higiene pessoal e beleza",
        "Nome": "Toalhitas Desmaquilhantes",
        "Marca": "Be Beauty",
        "Preco": 0.75,
        "Unidade_Info": "25 Un | 0,03 €/Un",
        "Categorias_GTM": "As Nossas Marcas, Be Beauty, Higiene Pessoal e Beleza, Limpeza, Rosto",
        "Data_Coleta": "2025-06-01 02:17:30"
    },
    {
        "ID_Produto": "915231",
        "Categoria_Scraping": "higiene pessoal e beleza",
        "Nome": "Toalhitas Desmaquilhantes Carvão Ativado",
        "Marca": "Be Beauty",
        "Preco": 1.19,
        "Unidade_Info": "20 Un | 0,06 €/Un",
        "Categorias_GTM": "Higiene Pessoal e Beleza, Limpeza, Rosto, As Nossas Marcas, Be Beauty",
        "Data_Coleta": "2025-06-01 02:17:30"
    },
    {
        "ID_Produto": "871214",
        "Categoria_Scraping": "higiene pessoal e beleza",
        "Nome": "Toalhitas Desmaquilhantes com Água Micelar",
        "Marca": "Be Beauty",
        "Preco": 0.99,
        "Unidade_Info": "20 Un | 0,05 €/Un",
        "Categorias_GTM": "Higiene Pessoal e Beleza, Limpeza, Rosto, As Nossas Marcas, Be Beauty",
        "Data_Coleta": "2025-06-01 02:17:30"
    },
    {
        "ID_Produto": "943990",
        "Categoria_Scraping": "higiene pessoal e beleza",
        "Nome": "Toalhitas Íntimas",
        "Marca": "Pingo Doce",
        "Preco": 0.99,
        "Unidade_Info": "20 Un | 0,05 €/Un",
        "Categorias_GTM": "Gel Íntimo e Toalhitas, Higiene Íntima, Higiene Pessoal e Beleza, Categoria Referência SFCC, As Nossas Marcas",
        "Data_Coleta": "2025-06-01 02:17:30"
    },
    {
        "ID_Produto": "719542",
        "Categoria_Scraping": "higiene pessoal e beleza",
        "Nome": "Toalhitas Refrescantes Pack 3",
        "Marca": "Pingo Doce",
        "Preco": 1.69,
        "Unidade_Info": "3 x15 Un | 0,04 €/Un",
        "Categorias_GTM": "As Nossas Marcas, Pingo Doce, Categoria Referência SFCC, Higiene Pessoal e Beleza, Papel Higiénico e Toalhitas",
        "Data_Coleta": "2025-06-01 02:17:30"
    },
    {
        "ID_Produto": "864767",
        "Categoria_Scraping": "higiene pessoal e beleza",
        "Nome": "Tónico de Limpeza",
        "Marca": "Be Beauty",
        "Preco": 1.49,
        "Unidade_Info": "0.25 L | 5,96 €/L",
        "Categorias_GTM": "Categoria Referência SFCC, As Nossas Marcas, Be Beauty, Higiene Pessoal e Beleza, Limpeza",
        "Data_Coleta": "2025-06-01 02:17:30"
    },
    {
        "ID_Produto": "878096",
        "Categoria_Scraping": "higiene pessoal e beleza",
        "Nome": "Vaselina Purificada",
        "Marca": "Pingo Doce",
        "Preco": 1.99,
        "Unidade_Info": "0.1 L | 19,9 €/L",
        "Categorias_GTM": "Hidratação, Higiene Pessoal e Beleza, Rosto, As Nossas Marcas, Pingo Doce",
        "Data_Coleta": "2025-06-01 02:17:30"
    },
    {
        "ID_Produto": "925681",
        "Categoria_Scraping": "higiene pessoal e beleza",
        "Nome": "After Shave Bálsamo Hyaluron",
        "Marca": "Nivea",
        "Preco": 6.94,
        "Unidade_Info": "0.1 L | 69,4 €/L",
        "Categorias_GTM": "Higiene Pessoal e Beleza, Rosto, Rosto e Barba, Categoria Referência SFCC, Poupe Este Fim De Semana",
        "Data_Coleta": "2025-06-01 02:17:30"
    },
    {
        "ID_Produto": "98951",
        "Categoria_Scraping": "higiene pessoal e beleza",
        "Nome": "Aftershave Bálsamo Men Protect & Care",
        "Marca": "Nivea",
        "Preco": 5.69,
        "Unidade_Info": "0.1 L | 56,9 €/L",
        "Categorias_GTM": "Higiene Pessoal e Beleza, Homem, Rosto e Barba, Categoria Referência SFCC, Poupe Este Fim De Semana",
        "Data_Coleta": "2025-06-01 02:17:30"
    },
    {
        "ID_Produto": "25783",
        "Categoria_Scraping": "higiene pessoal e beleza",
        "Nome": "After Shave Bálsamo Sensitive",
        "Marca": "Nivea",
        "Preco": 5.59,
        "Unidade_Info": "0.1 L | 55,9 €/L",
        "Categorias_GTM": "Higiene Pessoal e Beleza, Homem, Rosto e Barba, Categoria Referência SFCC, Poupe Este Fim De Semana",
        "Data_Coleta": "2025-06-01 02:17:30"
    },
    {
        "ID_Produto": "818724",
        "Categoria_Scraping": "higiene pessoal e beleza",
        "Nome": "After Shave Bálsamo Sensitive Cool",
        "Marca": "Nivea",
        "Preco": 6.94,
        "Unidade_Info": "0.1 L | 69,4 €/L",
        "Categorias_GTM": "Categoria Referência SFCC, Higiene Pessoal e Beleza, Homem, Rosto e Barba, Poupe Esta Semana",
        "Data_Coleta": "2025-06-01 02:17:37"
    },
    {
        "ID_Produto": "972956",
        "Categoria_Scraping": "higiene pessoal e beleza",
        "Nome": "Aftershave Loção Black",
        "Marca": "Denim",
        "Preco": 5.99,
        "Unidade_Info": "0.1 L | 59,9 €/L",
        "Categorias_GTM": "Higiene Pessoal e Beleza, Homem, Rosto e Barba, Categoria Referência SFCC, Poupe Este Fim De Semana",
        "Data_Coleta": "2025-06-01 02:17:37"
    },
    {
        "ID_Produto": "688923",
        "Categoria_Scraping": "higiene pessoal e beleza",
        "Nome": "Aftershave Loção Men Sensitive",
        "Marca": "Nivea",
        "Preco": 6.94,
        "Unidade_Info": "0.1 L | 69,4 €/L",
        "Categorias_GTM": "Categoria Referência SFCC, Higiene Pessoal e Beleza, Homem, Rosto e Barba, Poupe Este Fim De Semana",
        "Data_Coleta": "2025-06-01 02:17:37"
    },
    {
        "ID_Produto": "971981",
        "Categoria_Scraping": "higiene pessoal e beleza",
        "Nome": "Aftershave Loção Original",
        "Marca": "Denim",
        "Preco": 5.99,
        "Unidade_Info": "0.1 L | 59,9 €/L",
        "Categorias_GTM": "Higiene Pessoal e Beleza, Homem, Rosto e Barba, Categoria Referência SFCC, Poupe Esta Semana",
        "Data_Coleta": "2025-06-01 02:17:37"
    },
    {
        "ID_Produto": "54301",
        "Categoria_Scraping": "higiene pessoal e beleza",
        "Nome": "After Shave Loção Original",
        "Marca": "Old Spice",
        "Preco": 6.99,
        "Unidade_Info": "0.1 L | 69,9 €/L",
        "Categorias_GTM": "Promoções, Categoria Referência SFCC, Poupe Esta Semana, Poupe Este Fim De Semana, Rosto e Barba",
        "Data_Coleta": "2025-06-01 02:17:37"
    },
    {
        "ID_Produto": "733211",
        "Categoria_Scraping": "higiene pessoal e beleza",
        "Nome": "After Shave Loção Protect & Care",
        "Marca": "Nivea",
        "Preco": 6.94,
        "Unidade_Info": "0.1 L | 69,4 €/L",
        "Categorias_GTM": "Categoria Referência SFCC, Higiene Pessoal e Beleza, Homem, Rosto e Barba, Poupe Esta Semana",
        "Data_Coleta": "2025-06-01 02:17:37"
    },
    {
        "ID_Produto": "887811",
        "Categoria_Scraping": "higiene pessoal e beleza",
        "Nome": "Aftersun",
        "Marca": "Be Beauty",
        "Preco": 2.99,
        "Unidade_Info": "0.4 L | 7,48 €/L",
        "Categorias_GTM": "Higiene Pessoal e Beleza, Infantil, Cuidados Solares",
        "Data_Coleta": "2025-06-01 02:17:37"
    },
    {
        "ID_Produto": "840523",
        "Categoria_Scraping": "higiene pessoal e beleza",
        "Nome": "Aftersun Bronze Leite Hiratante",
        "Marca": "Nivea",
        "Preco": 8.74,
        "Unidade_Info": "0.2 L | 43,7 €/L",
        "Categorias_GTM": "After Sun e Bronzeadores, Higiene Pessoal e Beleza, Cuidados Solares, Poupe Esta Semana, Promoções",
        "Data_Coleta": "2025-06-01 02:17:37"
    },
    {
        "ID_Produto": "882377",
        "Categoria_Scraping": "higiene pessoal e beleza",
        "Nome": "Aftersun Leite Hiratante",
        "Marca": "Ambre Solaire",
        "Preco": 10.19,
        "Unidade_Info": "0.4 L | 25,48 €/L",
        "Categorias_GTM": "After Sun e Bronzeadores, Higiene Pessoal e Beleza, Cuidados Solares, Poupe Esta Semana, Promoções",
        "Data_Coleta": "2025-06-01 02:17:37"
    },
    {
        "ID_Produto": "7673",
        "Categoria_Scraping": "higiene pessoal e beleza",
        "Nome": "After Sun Loção Sun Aloe Vera",
        "Marca": "Nivea",
        "Preco": 7.49,
        "Unidade_Info": "0.2 L | 37,45 €/L",
        "Categorias_GTM": "After Sun e Bronzeadores, Higiene Pessoal e Beleza, Cuidados Solares, Poupe Esta Semana, Promoções",
        "Data_Coleta": "2025-06-01 02:17:37"
    },
    {
        "ID_Produto": "906343",
        "Categoria_Scraping": "higiene pessoal e beleza",
        "Nome": "After Sun Moisture",
        "Marca": "Nivea",
        "Preco": 11.39,
        "Unidade_Info": "0.4 L | 28,48 €/L",
        "Categorias_GTM": "After Sun e Bronzeadores, Higiene Pessoal e Beleza, Cuidados Solares, Categoria Referência SFCC, Poupe Este Fim De Semana",
        "Data_Coleta": "2025-06-01 02:17:37"
    },
    {
        "ID_Produto": "833097",
        "Categoria_Scraping": "higiene pessoal e beleza",
        "Nome": "Água Colónia Natural Honey",
        "Marca": "Natural Honey",
        "Preco": 8.24,
        "Unidade_Info": "0.75 L | 10,99 €/L",
        "Categorias_GTM": "Categoria Referência SFCC, Higiene Pessoal e Beleza, Perfumes e Colónias",
        "Data_Coleta": "2025-06-01 02:17:37"
    },
    {
        "ID_Produto": "748229",
        "Categoria_Scraping": "higiene pessoal e beleza",
        "Nome": "Água Micelar",
        "Marca": "Garnier",
        "Preco": 4.54,
        "Unidade_Info": "0.4 L | 11,35 €/L",
        "Categorias_GTM": "Categoria Referência SFCC, Poupe Esta Semana, Promoções, Higiene Pessoal e Beleza, Limpeza",
        "Data_Coleta": "2025-06-01 02:17:45"
    },
    {
        "ID_Produto": "820474",
        "Categoria_Scraping": "higiene pessoal e beleza",
        "Nome": "Água Micelar em Óleo",
        "Marca": "Garnier",
        "Preco": 5.19,
        "Unidade_Info": "0.4 L | 12,98 €/L",
        "Categorias_GTM": "Higiene Pessoal e Beleza, Limpeza, Rosto, Categoria Referência SFCC, Poupe Esta Semana",
        "Data_Coleta": "2025-06-01 02:17:45"
    },
    {
        "ID_Produto": "888228",
        "Categoria_Scraping": "higiene pessoal e beleza",
        "Nome": "Água Micelar Pele Sensível",
        "Marca": "Nivea",
        "Preco": 4.44,
        "Unidade_Info": "0.4 L | 11,1 €/L",
        "Categorias_GTM": "Higiene Pessoal e Beleza, Limpeza, Rosto, Promoções, Poupe Esta Semana",
        "Data_Coleta": "2025-06-01 02:17:45"
    },
    {
        "ID_Produto": "869835",
        "Categoria_Scraping": "higiene pessoal e beleza",
        "Nome": "Água Micelar Profissional",
        "Marca": "Nivea",
        "Preco": 5.19,
        "Unidade_Info": "0.4 L | 12,98 €/L",
        "Categorias_GTM": "Higiene Pessoal e Beleza, Limpeza, Rosto, Promoções, Poupe Esta Semana",
        "Data_Coleta": "2025-06-01 02:17:45"
    },
    {
        "ID_Produto": "975638",
        "Categoria_Scraping": "higiene pessoal e beleza",
        "Nome": "Água Micelar Skin Glow com Infusão de Sérum",
        "Marca": "Nivea",
        "Preco": 5.34,
        "Unidade_Info": "0.4 L | 13,35 €/L",
        "Categorias_GTM": "Higiene Pessoal e Beleza, Limpeza, Rosto, Promoções, Poupe Esta Semana",
        "Data_Coleta": "2025-06-01 02:17:45"
    },
    {
        "ID_Produto": "849377",
        "Categoria_Scraping": "higiene pessoal e beleza",
        "Nome": "Água Micelar Tudo em 1",
        "Marca": "Garnier",
        "Preco": 2.99,
        "Unidade_Info": "0.1 L | 29,9 €/L",
        "Categorias_GTM": "Categoria Referência SFCC, Higiene Pessoal e Beleza, Limpeza, Rosto",
        "Data_Coleta": "2025-06-01 02:17:45"
    },
    {
        "ID_Produto": "939414",
        "Categoria_Scraping": "higiene pessoal e beleza",
        "Nome": "Água Micelar Vitamina C",
        "Marca": "Garnier",
        "Preco": 5.19,
        "Unidade_Info": "0.4 L | 12,98 €/L",
        "Categorias_GTM": "Categoria Referência SFCC, Higiene Pessoal e Beleza, Limpeza, Rosto, Poupe Esta Semana",
        "Data_Coleta": "2025-06-01 02:17:45"
    },
    {
        "ID_Produto": "958364",
        "Categoria_Scraping": "higiene pessoal e beleza",
        "Nome": "Água Solar Bifásica FPS30",
        "Marca": "Be Beauty",
        "Preco": 5.49,
        "Unidade_Info": "0.2 L | 27,45 €/L",
        "Categorias_GTM": "Categoria Referência SFCC, Higiene Pessoal e Beleza, Protetor Solar, Cuidados Solares",
        "Data_Coleta": "2025-06-01 02:17:45"
    },
    {
        "ID_Produto": "823050",
        "Categoria_Scraping": "higiene pessoal e beleza",
        "Nome": "Amaciador Camomila",
        "Marca": "Garnier",
        "Preco": 3.79,
        "Unidade_Info": "0.4 L | 9,48 €/L",
        "Categorias_GTM": "Promoções, Poupe Esta Semana, Cabelo, Condicionador, Higiene Pessoal e Beleza",
        "Data_Coleta": "2025-06-01 02:17:45"
    },
    {
        "ID_Produto": "773947",
        "Categoria_Scraping": "higiene pessoal e beleza",
        "Nome": "Amaciador Tesouros de Mel",
        "Marca": "Garnier",
        "Preco": 3.79,
        "Unidade_Info": "0.4 L | 9,48 €/L",
        "Categorias_GTM": "Cabelo, Condicionador, Higiene Pessoal e Beleza, Promoções, Poupe Esta Semana",
        "Data_Coleta": "2025-06-01 02:17:45"
    },
    {
        "ID_Produto": "732562",
        "Categoria_Scraping": "higiene pessoal e beleza",
        "Nome": "Ampolas Cabelo Repara e Protege",
        "Marca": "Pantene",
        "Preco": 3.39,
        "Unidade_Info": "0.045 L | 75,33 €/L",
        "Categorias_GTM": "Promoções, Categoria Referência SFCC, Cabelo, Higiene Pessoal e Beleza, Máscaras e Tratamentos",
        "Data_Coleta": "2025-06-01 02:17:45"
    },
    {
        "ID_Produto": "925294",
        "Categoria_Scraping": "higiene pessoal e beleza",
        "Nome": "Aparador com 3 Pentes King C",
        "Marca": "Gillette",
        "Preco": 29.59,
        "Unidade_Info": "1 Un | 29,59 €/Un",
        "Categorias_GTM": "Higiene Pessoal e Beleza, Homem, Rosto e Barba, Poupe Esta Semana, Promoções",
        "Data_Coleta": "2025-06-01 02:17:45"
    },
    {
        "ID_Produto": "859940",
        "Categoria_Scraping": "higiene pessoal e beleza",
        "Nome": "Bálsamo Labial Original",
        "Marca": "Vaseline",
        "Preco": 2.99,
        "Unidade_Info": "0.02 Kg | 149,5 €/Kg",
        "Categorias_GTM": "Hidratação, Higiene Pessoal e Beleza, Rosto, Categoria Referência SFCC",
        "Data_Coleta": "2025-06-01 02:17:53"
    },
    {
        "ID_Produto": "975290",
        "Categoria_Scraping": "higiene pessoal e beleza",
        "Nome": "Bálsamo Reparador Cica Repair+",
        "Marca": "Mixa",
        "Preco": 5.49,
        "Unidade_Info": "0.4 L | 13,73 €/L",
        "Categorias_GTM": "Corpo, Hidratação, Higiene Pessoal e Beleza, Poupe Esta Semana, Promoções",
        "Data_Coleta": "2025-06-01 02:17:53"
    },
    {
        "ID_Produto": "925292",
        "Categoria_Scraping": "higiene pessoal e beleza",
        "Nome": "Bálsamo Suaviazante Barba King C",
        "Marca": "Gillette",
        "Preco": 8.79,
        "Unidade_Info": "0.1 L | 87,9 €/L",
        "Categorias_GTM": "Poupe Esta Semana, Promoções, Categoria Referência SFCC, Higiene Pessoal e Beleza, Homem",
        "Data_Coleta": "2025-06-01 02:17:53"
    },
    {
        "ID_Produto": "872939",
        "Categoria_Scraping": "higiene pessoal e beleza",
        "Nome": "Bandas Anti-Pontos Negros Pure Active",
        "Marca": "Garnier",
        "Preco": 7.99,
        "Unidade_Info": "4 Un | 2 €/Un",
        "Categorias_GTM": "Higiene Pessoal e Beleza, Limpeza, Rosto, Categoria Referência SFCC",
        "Data_Coleta": "2025-06-01 02:17:53"
    },
    {
        "ID_Produto": "962664",
        "Categoria_Scraping": "higiene pessoal e beleza",
        "Nome": "Bandas Depilatórias Cera Expert Facial Pele Normal",
        "Marca": "Veet",
        "Preco": 9.79,
        "Unidade_Info": "32 Un | 0,31 €/Un",
        "Categorias_GTM": "Promoções, Poupe Esta Semana, Corpo, Depilatórios, Higiene Pessoal e Beleza",
        "Data_Coleta": "2025-06-01 02:17:53"
    },
    {
        "ID_Produto": "973287",
        "Categoria_Scraping": "higiene pessoal e beleza",
        "Nome": "Bandas Depilatórias Cera Expert Facial Pele Sensível",
        "Marca": "Veet",
        "Preco": 3.84,
        "Unidade_Info": "16 Un | 0,24 €/Un",
        "Categorias_GTM": "Promoções, Corpo, Depilatórios, Higiene Pessoal e Beleza, Poupe Esta Semana",
        "Data_Coleta": "2025-06-01 02:17:53"
    },
    {
        "ID_Produto": "942305",
        "Categoria_Scraping": "higiene pessoal e beleza",
        "Nome": "Bandas Depilatórias Cera Faciais Pele Sensível",
        "Marca": "Veet",
        "Preco": 6.49,
        "Unidade_Info": "40 Un | 0,16 €/Un",
        "Categorias_GTM": "Corpo, Depilatórios, Higiene Pessoal e Beleza, Categoria Referência SFCC, Promoções",
        "Data_Coleta": "2025-06-01 02:17:53"
    },
    {
        "ID_Produto": "942306",
        "Categoria_Scraping": "higiene pessoal e beleza",
        "Nome": "Bandas Depilatórias Cera Faciais Pele Sensível",
        "Marca": "Veet",
        "Preco": 8.49,
        "Unidade_Info": "40 Un | 0,21 €/Un",
        "Categorias_GTM": "Corpo, Depilatórios, Higiene Pessoal e Beleza, Categoria Referência SFCC, Promoções",
        "Data_Coleta": "2025-06-01 02:17:53"
    },
    {
        "ID_Produto": "850144",
        "Categoria_Scraping": "higiene pessoal e beleza",
        "Nome": "Batom de Hidratante Cereja",
        "Marca": "Labello",
        "Preco": 2.79,
        "Unidade_Info": "0.005 Kg | 558 €/Kg",
        "Categorias_GTM": "Categoria Referência SFCC, Higiene Pessoal e Beleza, Lábios, Rosto, Poupe Este Fim De Semana",
        "Data_Coleta": "2025-06-01 02:17:53"
    },
    {
        "ID_Produto": "99254",
        "Categoria_Scraping": "higiene pessoal e beleza",
        "Nome": "Batom Hidratante Azul",
        "Marca": "Labello",
        "Preco": 1.99,
        "Unidade_Info": "0.005 Kg | 398 €/Kg",
        "Categorias_GTM": "Higiene Pessoal e Beleza, Lábios, Rosto, Categoria Referência SFCC, Poupe Este Fim De Semana",
        "Data_Coleta": "2025-06-01 02:17:53"
    },
    {
        "ID_Produto": "876586",
        "Categoria_Scraping": "higiene pessoal e beleza",
        "Nome": "Batom Hidratante Blackberry",
        "Marca": "Labello",
        "Preco": 2.79,
        "Unidade_Info": "0.005 Kg | 558 €/Kg",
        "Categorias_GTM": "Higiene Pessoal e Beleza, Lábios, Rosto, Categoria Referência SFCC, Poupe Esta Semana",
        "Data_Coleta": "2025-06-01 02:17:53"
    },
    {
        "ID_Produto": "942744",
        "Categoria_Scraping": "higiene pessoal e beleza",
        "Nome": "Batom Protetor Solar FPS30",
        "Marca": "Labello",
        "Preco": 3.44,
        "Unidade_Info": "1 Un | 3,44 €/Un",
        "Categorias_GTM": "Higiene Pessoal e Beleza, Protetor Solar, Cuidados Solares, Categoria Referência SFCC, Poupe Este Fim De Semana",
        "Data_Coleta": "2025-06-01 02:17:53"
    },
    {
        "ID_Produto": "941506",
        "Categoria_Scraping": "higiene pessoal e beleza",
        "Nome": "Batom Protetor Solar FPS30 e Aftersun FPS15",
        "Marca": "Nivea",
        "Preco": 4.94,
        "Unidade_Info": "1 Un | 4,94 €/Un",
        "Categorias_GTM": "Higiene Pessoal e Beleza, Protetor Solar, Cuidados Solares, Poupe Esta Semana, Promoções",
        "Data_Coleta": "2025-06-01 02:18:01"
    },
    {
        "ID_Produto": "957378",
        "Categoria_Scraping": "higiene pessoal e beleza",
        "Nome": "BB Cream Hidratante Médio",
        "Marca": "Garnier",
        "Preco": 9.99,
        "Unidade_Info": "0.05 L | 199,8 €/L",
        "Categorias_GTM": "Hidratação, Higiene Pessoal e Beleza, Rosto, Categoria Referência SFCC",
        "Data_Coleta": "2025-06-01 02:18:01"
    },
    {
        "ID_Produto": "632631",
        "Categoria_Scraping": "higiene pessoal e beleza",
        "Nome": "Body Lotion Pump",
        "Marca": "Nivea",
        "Preco": 4.89,
        "Unidade_Info": "0.4 L | 12,22 €/L",
        "Categorias_GTM": "Poupe Esta Semana, Promoções, Categoria Referência SFCC, Corpo, Hidratação",
        "Data_Coleta": "2025-06-01 02:18:01"
    },
    {
        "ID_Produto": "925702",
        "Categoria_Scraping": "higiene pessoal e beleza",
        "Nome": "Body Milk",
        "Marca": "Nivea",
        "Preco": 6.99,
        "Unidade_Info": "0.625 L | 11,18 €/L",
        "Categorias_GTM": "Promoções, Corpo, Hidratação, Higiene Pessoal e Beleza, Poupe Esta Semana",
        "Data_Coleta": "2025-06-01 02:18:01"
    },
    {
        "ID_Produto": "912597",
        "Categoria_Scraping": "higiene pessoal e beleza",
        "Nome": "BODY MIST BE BEAUTY PEÔNIA 200ML",
        "Marca": "BE BEAUTY",
        "Preco": 3.99,
        "Unidade_Info": "0.2 L | 19,95 €/L",
        "Categorias_GTM": "Higiene Pessoal e Beleza, Perfumes e Colónias, Categoria Referência SFCC, Poupe Este Fim De Semana, Poupe Esta Semana",
        "Data_Coleta": "2025-06-01 02:18:01"
    },
    {
        "ID_Produto": "580659",
        "Categoria_Scraping": "higiene pessoal e beleza",
        "Nome": "Bronzeador Loção Sun Cenoura FPS 6   ",
        "Marca": "Nivea",
        "Preco": 8.89,
        "Unidade_Info": "1 Un | 8,89 €/Un",
        "Categorias_GTM": "Higiene Pessoal e Beleza, Protetor Solar, Cuidados Solares, Poupe Esta Semana, Promoções",
        "Data_Coleta": "2025-06-01 02:18:01"
    },
    {
        "ID_Produto": "861852",
        "Categoria_Scraping": "higiene pessoal e beleza",
        "Nome": "Bronzeador Spray Óleo Sun Cenoura FPS 6",
        "Marca": "Nivea",
        "Preco": 10.19,
        "Unidade_Info": "0.2 L | 50,95 €/L",
        "Categorias_GTM": "Higiene Pessoal e Beleza, Protetor Solar, Cuidados Solares, Poupe Esta Semana, Promoções",
        "Data_Coleta": "2025-06-01 02:18:01"
    },
    {
        "ID_Produto": "861287",
        "Categoria_Scraping": "higiene pessoal e beleza",
        "Nome": "Bruma Protetora Sensitive Advanced Kids FPS50+",
        "Marca": "Ambre Solaire",
        "Preco": 11.39,
        "Unidade_Info": "0.15 L | 75,93 €/L",
        "Categorias_GTM": "Higiene Pessoal e Beleza, Protetor Solar, Cuidados Solares, Poupe Esta Semana, Promoções",
        "Data_Coleta": "2025-06-01 02:18:01"
    },
    {
        "ID_Produto": "988479",
        "Categoria_Scraping": "higiene pessoal e beleza",
        "Nome": "Bruma Protetora Sensitive FPS50",
        "Marca": "Ambre Solaire",
        "Preco": 11.39,
        "Unidade_Info": "0.15 Kg | 75,93 €/Kg",
        "Categorias_GTM": "Higiene Pessoal e Beleza, Protetor Solar, Cuidados Solares, Categoria Referência SFCC, Poupe Este Fim De Semana",
        "Data_Coleta": "2025-06-01 02:18:01"
    },
    {
        "ID_Produto": "889289",
        "Categoria_Scraping": "higiene pessoal e beleza",
        "Nome": "Caneta Depilatória Cera Precisão",
        "Marca": "Body Natur",
        "Preco": 5.49,
        "Unidade_Info": "0.003 L | 1830 €/L",
        "Categorias_GTM": "Categoria Referência SFCC, Corpo, Depilatórios, Higiene Pessoal e Beleza",
        "Data_Coleta": "2025-06-01 02:18:01"
    },
    {
        "ID_Produto": "599955",
        "Categoria_Scraping": "higiene pessoal e beleza",
        "Nome": "Cera Modeladora Indestructible Studio Line",
        "Marca": "L'Oréal Paris",
        "Preco": 5.99,
        "Unidade_Info": "0.075 L | 79,87 €/L",
        "Categorias_GTM": "N/A",
        "Data_Coleta": "2025-06-01 02:18:01"
    },
    {
        "ID_Produto": "560489",
        "Categoria_Scraping": "higiene pessoal e beleza",
        "Nome": "Cera para Cabelo Studio Line Remix",
        "Marca": "L'Oréal Paris",
        "Preco": 5.99,
        "Unidade_Info": "0.15 L | 39,93 €/L",
        "Categorias_GTM": "N/A",
        "Data_Coleta": "2025-06-01 02:18:01"
    },
    {
        "ID_Produto": "939394",
        "Categoria_Scraping": "higiene pessoal e beleza",
        "Nome": "Champô 24h Body & Volume",
        "Marca": "Tresemme",
        "Preco": 5.99,
        "Unidade_Info": "0.9 L | 6,66 €/L",
        "Categorias_GTM": "Cabelo, Champô, Higiene Pessoal e Beleza, Promoções, Categoria Referência SFCC",
        "Data_Coleta": "2025-06-01 02:18:09"
    },
    {
        "ID_Produto": "934927",
        "Categoria_Scraping": "higiene pessoal e beleza",
        "Nome": "Champô Abacate e Karité",
        "Marca": "Ultra Suave",
        "Preco": 3.79,
        "Unidade_Info": "0.4 L | 9,48 €/L",
        "Categorias_GTM": "Promoções, Poupe Esta Semana, Categoria Referência SFCC, Cabelo, Champô",
        "Data_Coleta": "2025-06-01 02:18:09"
    },
    {
        "ID_Produto": "935296",
        "Categoria_Scraping": "higiene pessoal e beleza",
        "Nome": "Champô Água de Coco",
        "Marca": "Ultra Suave",
        "Preco": 3.79,
        "Unidade_Info": "0.4 L | 9,48 €/L",
        "Categorias_GTM": "Promoções, Poupe Esta Semana, Categoria Referência SFCC, Cabelo, Champô",
        "Data_Coleta": "2025-06-01 02:18:09"
    },
    {
        "ID_Produto": "821293",
        "Categoria_Scraping": "higiene pessoal e beleza",
        "Nome": "Champô Anticaspa 2 em 1 Cabelos Normais Fructis 400 ml",
        "Marca": "Fructis",
        "Preco": 3.89,
        "Unidade_Info": "0.4 L | 9,73 €/L",
        "Categorias_GTM": "Categoria Referência SFCC, Cabelo, Champô, Higiene Pessoal e Beleza, Poupe Este Fim De Semana",
        "Data_Coleta": "2025-06-01 02:18:09"
    },
    {
        "ID_Produto": "873282",
        "Categoria_Scraping": "higiene pessoal e beleza",
        "Nome": "Champô Anticaspa 3 em 1",
        "Marca": "Pantene",
        "Preco": 3.94,
        "Unidade_Info": "0.3 L | 13,13 €/L",
        "Categorias_GTM": "Cabelo, Champô, Higiene Pessoal e Beleza, Promoções, Poupe Esta Semana",
        "Data_Coleta": "2025-06-01 02:18:09"
    },
    {
        "ID_Produto": "971180",
        "Categoria_Scraping": "higiene pessoal e beleza",
        "Nome": "Champô Anticaspa Antiqueda",
        "Marca": "Head&Shoulders",
        "Preco": 4.94,
        "Unidade_Info": "0.33 L | 14,97 €/L",
        "Categorias_GTM": "Poupe Esta Semana, Cabelo, Champô, Higiene Pessoal e Beleza, Promoções",
        "Data_Coleta": "2025-06-01 02:18:09"
    },
    {
        "ID_Produto": "971547",
        "Categoria_Scraping": "higiene pessoal e beleza",
        "Nome": "Champô Anticaspa Citrus",
        "Marca": "Head&Shoulders",
        "Preco": 9.94,
        "Unidade_Info": "0.8 L | 12,43 €/L",
        "Categorias_GTM": "Cabelo, Champô, Higiene Pessoal e Beleza, Promoções, Poupe Esta Semana",
        "Data_Coleta": "2025-06-01 02:18:09"
    },
    {
        "ID_Produto": "970753",
        "Categoria_Scraping": "higiene pessoal e beleza",
        "Nome": "Champô Anticaspa Citrus",
        "Marca": "Head&Shoulders",
        "Preco": 4.94,
        "Unidade_Info": "0.33 L | 14,97 €/L",
        "Categorias_GTM": "Poupe Esta Semana, Promoções, Cabelo, Champô, Higiene Pessoal e Beleza",
        "Data_Coleta": "2025-06-01 02:18:09"
    },
    {
        "ID_Produto": "970756",
        "Categoria_Scraping": "higiene pessoal e beleza",
        "Nome": "Champô Anticaspa Classic",
        "Marca": "Head&Shoulders",
        "Preco": 4.94,
        "Unidade_Info": "0.33 L | 14,97 €/L",
        "Categorias_GTM": "Poupe Esta Semana, Cabelo, Champô, Higiene Pessoal e Beleza, Promoções",
        "Data_Coleta": "2025-06-01 02:18:09"
    },
    {
        "ID_Produto": "970759",
        "Categoria_Scraping": "higiene pessoal e beleza",
        "Nome": "Champô Anticaspa Classic 2 em 1",
        "Marca": "Head&Shoulders",
        "Preco": 4.94,
        "Unidade_Info": "0.33 L | 14,97 €/L",
        "Categorias_GTM": "Poupe Esta Semana, Cabelo, Champô, Higiene Pessoal e Beleza, Promoções",
        "Data_Coleta": "2025-06-01 02:18:09"
    },
    {
        "ID_Produto": "971548",
        "Categoria_Scraping": "higiene pessoal e beleza",
        "Nome": "Champô Anticaspa Classic 2 em 1",
        "Marca": "Head&Shoulders",
        "Preco": 9.94,
        "Unidade_Info": "0.8 L | 12,43 €/L",
        "Categorias_GTM": "Cabelo, Champô, Higiene Pessoal e Beleza, Promoções, Poupe Esta Semana",
        "Data_Coleta": "2025-06-01 02:18:09"
    },
    {
        "ID_Produto": "957597",
        "Categoria_Scraping": "higiene pessoal e beleza",
        "Nome": "Champô Anticaspa Controlo de Oleosidade",
        "Marca": "Linic",
        "Preco": 6.74,
        "Unidade_Info": "0.61 L | 11,05 €/L",
        "Categorias_GTM": "Categoria Referência SFCC, Cabelo, Champô, Higiene Pessoal e Beleza, Poupe Esta Semana",
        "Data_Coleta": "2025-06-01 02:18:09"
    },
    {
        "ID_Produto": "922772",
        "Categoria_Scraping": "higiene pessoal e beleza",
        "Nome": "Champô Anticaspa Legend CR7",
        "Marca": "Linic",
        "Preco": 4.94,
        "Unidade_Info": "0.36 L | 13,72 €/L",
        "Categorias_GTM": "Cabelo, Champô, Higiene Pessoal e Beleza, Categoria Referência SFCC, Poupe Este Fim De Semana",
        "Data_Coleta": "2025-06-01 02:18:17"
    },
    {
        "ID_Produto": "971179",
        "Categoria_Scraping": "higiene pessoal e beleza",
        "Nome": "Champô Anticaspa Maçã 2 em 1 Plus",
        "Marca": "Head&Shoulders",
        "Preco": 4.94,
        "Unidade_Info": "0.33 L | 14,97 €/L",
        "Categorias_GTM": "Poupe Esta Semana, Promoções, Cabelo, Champô, Higiene Pessoal e Beleza",
        "Data_Coleta": "2025-06-01 02:18:17"
    },
    {
        "ID_Produto": "820162",
        "Categoria_Scraping": "higiene pessoal e beleza",
        "Nome": "Champô Anticaspa Men Power",
        "Marca": "Nivea",
        "Preco": 2.69,
        "Unidade_Info": "0.25 L | 10,76 €/L",
        "Categorias_GTM": "Cabelo, Champô, Higiene Pessoal e Beleza, Categoria Referência SFCC, Poupe Esta Semana",
        "Data_Coleta": "2025-06-01 02:18:17"
    },
    {
        "ID_Produto": "971546",
        "Categoria_Scraping": "higiene pessoal e beleza",
        "Nome": "Champô Anticaspa Mentol",
        "Marca": "Head&Shoulders",
        "Preco": 9.94,
        "Unidade_Info": "0.8 L | 12,43 €/L",
        "Categorias_GTM": "Cabelo, Champô, Higiene Pessoal e Beleza, Promoções, Poupe Esta Semana",
        "Data_Coleta": "2025-06-01 02:18:17"
    },
    {
        "ID_Produto": "970754",
        "Categoria_Scraping": "higiene pessoal e beleza",
        "Nome": "Champô Anticaspa Mentol",
        "Marca": "Head&Shoulders",
        "Preco": 4.94,
        "Unidade_Info": "0.33 L | 14,97 €/L",
        "Categorias_GTM": "Poupe Esta Semana, Cabelo, Champô, Higiene Pessoal e Beleza, Promoções",
        "Data_Coleta": "2025-06-01 02:18:17"
    },
    {
        "ID_Produto": "935041",
        "Categoria_Scraping": "higiene pessoal e beleza",
        "Nome": "Champô Anti Queda 7 em 1",
        "Marca": "Head&Shoulders",
        "Preco": 5.99,
        "Unidade_Info": "0.3 L | 19,97 €/L",
        "Categorias_GTM": "Cabelo, Champô, Higiene Pessoal e Beleza, Poupe Esta Semana, Promoções",
        "Data_Coleta": "2025-06-01 02:18:17"
    },
    {
        "ID_Produto": "881061",
        "Categoria_Scraping": "higiene pessoal e beleza",
        "Nome": "Champô Babosa Hidronutritivo",
        "Marca": "Skala",
        "Preco": 2.94,
        "Unidade_Info": "0.325 L | 9,05 €/L",
        "Categorias_GTM": "Cabelo, Champô, Higiene Pessoal e Beleza, Categoria Referência SFCC, Poupe Este Fim De Semana",
        "Data_Coleta": "2025-06-01 02:18:17"
    },
    {
        "ID_Produto": "438984",
        "Categoria_Scraping": "higiene pessoal e beleza",
        "Nome": "Champô Cabelos Pintados Color Vive",
        "Marca": "Elvive",
        "Preco": 3.99,
        "Unidade_Info": "0.4 L | 9,98 €/L",
        "Categorias_GTM": "Cabelo, Champô, Higiene Pessoal e Beleza, Promoções, Poupe Esta Semana",
        "Data_Coleta": "2025-06-01 02:18:17"
    },
    {
        "ID_Produto": "939395",
        "Categoria_Scraping": "higiene pessoal e beleza",
        "Nome": "Champô Caracois Hidratados",
        "Marca": "Tresemme",
        "Preco": 5.99,
        "Unidade_Info": "0.9 L | 6,66 €/L",
        "Categorias_GTM": "Cabelo, Champô, Higiene Pessoal e Beleza, Categoria Referência SFCC, Poupe Esta Semana",
        "Data_Coleta": "2025-06-01 02:18:17"
    },
    {
        "ID_Produto": "873283",
        "Categoria_Scraping": "higiene pessoal e beleza",
        "Nome": "Champô Classic 3 em 1",
        "Marca": "Pantene",
        "Preco": 3.94,
        "Unidade_Info": "0.3 L | 13,13 €/L",
        "Categorias_GTM": "Poupe Esta Semana, Categoria Referência SFCC, Cabelo, Champô, Higiene Pessoal e Beleza",
        "Data_Coleta": "2025-06-01 02:18:17"
    },
    {
        "ID_Produto": "858883",
        "Categoria_Scraping": "higiene pessoal e beleza",
        "Nome": "Champô Cor Revitalizante",
        "Marca": "Tresemme",
        "Preco": 5.99,
        "Unidade_Info": "0.9 L | 6,66 €/L",
        "Categorias_GTM": "Cabelo, Champô, Higiene Pessoal e Beleza, Promoções, Poupe Esta Semana",
        "Data_Coleta": "2025-06-01 02:18:17"
    },
    {
        "ID_Produto": "932940",
        "Categoria_Scraping": "higiene pessoal e beleza",
        "Nome": "Champô de Argila e Limão",
        "Marca": "Ultra Suave",
        "Preco": 3.79,
        "Unidade_Info": "0.4 L | 9,48 €/L",
        "Categorias_GTM": "Promoções, Poupe Esta Semana, Categoria Referência SFCC, Cabelo, Champô",
        "Data_Coleta": "2025-06-01 02:18:17"
    },
    {
        "ID_Produto": "935293",
        "Categoria_Scraping": "higiene pessoal e beleza",
        "Nome": "Champô Delicadeza de Aveia",
        "Marca": "Ultra Suave",
        "Preco": 3.79,
        "Unidade_Info": "0.4 L | 9,48 €/L",
        "Categorias_GTM": "Promoções, Categoria Referência SFCC, Poupe Esta Semana, Cabelo, Champô",
        "Data_Coleta": "2025-06-01 02:18:26"
    },
    {
        "ID_Produto": "955304",
        "Categoria_Scraping": "higiene pessoal e beleza",
        "Nome": "Champô Elvive Bond Repair",
        "Marca": "Elvive",
        "Preco": 4.94,
        "Unidade_Info": "0.2 L | 24,7 €/L",
        "Categorias_GTM": "Cabelo, Champô, Higiene Pessoal e Beleza, Promoções, Categoria Referência SFCC",
        "Data_Coleta": "2025-06-01 02:18:26"
    },
    {
        "ID_Produto": "730548",
        "Categoria_Scraping": "higiene pessoal e beleza",
        "Nome": "Champô Elvive Color Vive",
        "Marca": "Elvive",
        "Preco": 3.19,
        "Unidade_Info": "0.25 L | 12,76 €/L",
        "Categorias_GTM": "Poupe Esta Semana, Categoria Referência SFCC, Cabelo, Champô, Higiene Pessoal e Beleza",
        "Data_Coleta": "2025-06-01 02:18:26"
    },
    {
        "ID_Produto": "858028",
        "Categoria_Scraping": "higiene pessoal e beleza",
        "Nome": "Champô Elvive Dream Long",
        "Marca": "Elvive",
        "Preco": 3.99,
        "Unidade_Info": "0.4 L | 9,98 €/L",
        "Categorias_GTM": "Higiene Pessoal e Beleza, Cabelo, Champô, Poupe Esta Semana, Promoções",
        "Data_Coleta": "2025-06-01 02:18:26"
    },
    {
        "ID_Produto": "957507",
        "Categoria_Scraping": "higiene pessoal e beleza",
        "Nome": "Champô Elvive Dream Long",
        "Marca": "Elvive",
        "Preco": 7.94,
        "Unidade_Info": "1 L | 7,94 €/L",
        "Categorias_GTM": "Categoria Referência SFCC, Poupe Esta Semana, Promoções, Cabelo, Champô",
        "Data_Coleta": "2025-06-01 02:18:26"
    },
    {
        "ID_Produto": "735501",
        "Categoria_Scraping": "higiene pessoal e beleza",
        "Nome": "Champô Elvive Full Resist",
        "Marca": "Elvive",
        "Preco": 6.14,
        "Unidade_Info": "0.4 L | 15,35 €/L",
        "Categorias_GTM": "Cabelo, Champô, Higiene Pessoal e Beleza, Categoria Referência SFCC",
        "Data_Coleta": "2025-06-01 02:18:26"
    },
    {
        "ID_Produto": "970402",
        "Categoria_Scraping": "higiene pessoal e beleza",
        "Nome": "Champô Elvive Glycolic Gloss",
        "Marca": "Elvive",
        "Preco": 4.94,
        "Unidade_Info": "0.2 L | 24,7 €/L",
        "Categorias_GTM": "Poupe Esta Semana, Cabelo, Champô, Higiene Pessoal e Beleza, Promoções",
        "Data_Coleta": "2025-06-01 02:18:26"
    },
    {
        "ID_Produto": "938985",
        "Categoria_Scraping": "higiene pessoal e beleza",
        "Nome": "Champô Elvive Hidra Hialurónico",
        "Marca": "Elvive",
        "Preco": 3.94,
        "Unidade_Info": "0.4 L | 9,85 €/L",
        "Categorias_GTM": "Cabelo, Champô, Higiene Pessoal e Beleza, Categoria Referência SFCC, Poupe Esta Semana",
        "Data_Coleta": "2025-06-01 02:18:26"
    },
    {
        "ID_Produto": "670793",
        "Categoria_Scraping": "higiene pessoal e beleza",
        "Nome": "Champô Elvive Total Repair 5",
        "Marca": "Elvive",
        "Preco": 6.14,
        "Unidade_Info": "0.4 L | 15,35 €/L",
        "Categorias_GTM": "Categoria Referência SFCC, Champô, Cabelo, Higiene Pessoal e Beleza",
        "Data_Coleta": "2025-06-01 02:18:26"
    },
    {
        "ID_Produto": "821298",
        "Categoria_Scraping": "higiene pessoal e beleza",
        "Nome": "Champô Força e Brilho 2 em 1 Cabelos Normais",
        "Marca": "Fructis",
        "Preco": 3.89,
        "Unidade_Info": "0.4 L | 9,73 €/L",
        "Categorias_GTM": "Cabelo, Champô, Higiene Pessoal e Beleza, Categoria Referência SFCC, Poupe Esta Semana",
        "Data_Coleta": "2025-06-01 02:18:26"
    },
    {
        "ID_Produto": "821271",
        "Categoria_Scraping": "higiene pessoal e beleza",
        "Nome": "Champô Força e Brilho Cabelos Normais",
        "Marca": "Fructis",
        "Preco": 3.89,
        "Unidade_Info": "0.4 L | 9,73 €/L",
        "Categorias_GTM": "Categoria Referência SFCC, Cabelo, Champô, Higiene Pessoal e Beleza, Poupe Este Fim De Semana",
        "Data_Coleta": "2025-06-01 02:18:26"
    },
    {
        "ID_Produto": "904084",
        "Categoria_Scraping": "higiene pessoal e beleza",
        "Nome": "Champô Fructis Hair Food Papaia",
        "Marca": "Fructis",
        "Preco": 3.94,
        "Unidade_Info": "0.35 L | 11,26 €/L",
        "Categorias_GTM": "Cabelo, Champô, Higiene Pessoal e Beleza, Poupe Esta Semana, Promoções",
        "Data_Coleta": "2025-06-01 02:18:26"
    },
    {
        "ID_Produto": "733605",
        "Categoria_Scraping": "higiene pessoal e beleza",
        "Nome": "Champô Fructis Hidra-Caracóis Cabelos Ondulados",
        "Marca": "Fructis",
        "Preco": 3.19,
        "Unidade_Info": "0.25 L | 12,76 €/L",
        "Categorias_GTM": "Categoria Referência SFCC, Cabelo, Champô, Higiene Pessoal e Beleza, Poupe Esta Semana",
        "Data_Coleta": "2025-06-01 02:18:34"
    },
    {
        "ID_Produto": "970422",
        "Categoria_Scraping": "higiene pessoal e beleza",
        "Nome": "Champô Fructis Método Caracóis",
        "Marca": "Fructis",
        "Preco": 4.49,
        "Unidade_Info": "0.2 L | 22,45 €/L",
        "Categorias_GTM": "Cabelo, Champô, Higiene Pessoal e Beleza, Categoria Referência SFCC, Poupe Esta Semana",
        "Data_Coleta": "2025-06-01 02:18:34"
    },
    {
        "ID_Produto": "939393",
        "Categoria_Scraping": "higiene pessoal e beleza",
        "Nome": "Champô Fructis Vitamin Force",
        "Marca": "Fructis",
        "Preco": 3.89,
        "Unidade_Info": "0.4 L | 9,73 €/L",
        "Categorias_GTM": "Cabelo, Champô, Higiene Pessoal e Beleza, Categoria Referência SFCC, Poupe Esta Semana",
        "Data_Coleta": "2025-06-01 02:18:34"
    },
    {
        "ID_Produto": "896378",
        "Categoria_Scraping": "higiene pessoal e beleza",
        "Nome": "Champô Full Resistance",
        "Marca": "Elvive",
        "Preco": 9.99,
        "Unidade_Info": "0.7 L | 14,27 €/L",
        "Categorias_GTM": "Categoria Referência SFCC, Cabelo, Champô, Higiene Pessoal e Beleza",
        "Data_Coleta": "2025-06-01 02:18:34"
    },
    {
        "ID_Produto": "937207",
        "Categoria_Scraping": "higiene pessoal e beleza",
        "Nome": "Champô Gama Maravilhosa",
        "Marca": "Ultra Suave",
        "Preco": 3.79,
        "Unidade_Info": "0.4 L | 9,48 €/L",
        "Categorias_GTM": "Cabelo, Champô, Higiene Pessoal e Beleza, Promoções, Categoria Referência SFCC",
        "Data_Coleta": "2025-06-01 02:18:34"
    },
    {
        "ID_Produto": "691743",
        "Categoria_Scraping": "higiene pessoal e beleza",
        "Nome": "Champô Gliss Cabelos Secos Regenerador Intensivo",
        "Marca": "Gliss",
        "Preco": 2.79,
        "Unidade_Info": "0.25 L | 11,16 €/L",
        "Categorias_GTM": "Categoria Referência SFCC, Promoções, Poupe Esta Semana, Cabelo, Champô",
        "Data_Coleta": "2025-06-01 02:18:34"
    },
    {
        "ID_Produto": "974082",
        "Categoria_Scraping": "higiene pessoal e beleza",
        "Nome": "Champô Gliss Ultimate Color",
        "Marca": "Gliss",
        "Preco": 4.24,
        "Unidade_Info": "0.4 L | 10,6 €/L",
        "Categorias_GTM": "Promoções, Cabelo, Champô, Higiene Pessoal e Beleza, Poupe Esta Semana",
        "Data_Coleta": "2025-06-01 02:18:34"
    },
    {
        "ID_Produto": "975297",
        "Categoria_Scraping": "higiene pessoal e beleza",
        "Nome": "Champô Gliss Ultimate Repair",
        "Marca": "Gliss",
        "Preco": 4.24,
        "Unidade_Info": "0.4 L | 10,6 €/L",
        "Categorias_GTM": "Promoções, Cabelo, Champô, Higiene Pessoal e Beleza, Poupe Esta Semana",
        "Data_Coleta": "2025-06-01 02:18:34"
    },
    {
        "ID_Produto": "821287",
        "Categoria_Scraping": "higiene pessoal e beleza",
        "Nome": "Champô Hidra Caracóis",
        "Marca": "Fructis",
        "Preco": 3.89,
        "Unidade_Info": "0.4 L | 9,73 €/L",
        "Categorias_GTM": "Poupe Esta Semana, Promoções, Cabelo, Champô, Higiene Pessoal e Beleza",
        "Data_Coleta": "2025-06-01 02:18:34"
    },
    {
        "ID_Produto": "859763",
        "Categoria_Scraping": "higiene pessoal e beleza",
        "Nome": "Champô Hidratação Intensa",
        "Marca": "Tresemme",
        "Preco": 5.99,
        "Unidade_Info": "0.9 L | 6,66 €/L",
        "Categorias_GTM": "Cabelo, Champô, Higiene Pessoal e Beleza, Poupe Esta Semana, Promoções",
        "Data_Coleta": "2025-06-01 02:18:34"
    },
    {
        "ID_Produto": "982376",
        "Categoria_Scraping": "higiene pessoal e beleza",
        "Nome": "Champô Hidrata Coco",
        "Marca": "Herbal",
        "Preco": 3.99,
        "Unidade_Info": "0.35 L | 11,4 €/L",
        "Categorias_GTM": "Cabelo, Champô, Higiene Pessoal e Beleza, Promoções, Poupe Esta Semana",
        "Data_Coleta": "2025-06-01 02:18:34"
    },
    {
        "ID_Produto": "908575",
        "Categoria_Scraping": "higiene pessoal e beleza",
        "Nome": "Champô Homem Anticaspa Contolo de Oleosidade",
        "Marca": "Linic",
        "Preco": 4.94,
        "Unidade_Info": "0.36 L | 13,72 €/L",
        "Categorias_GTM": "Cabelo, Champô, Higiene Pessoal e Beleza, Categoria Referência SFCC, Poupe Esta Semana",
        "Data_Coleta": "2025-06-01 02:18:34"
    },
    {
        "ID_Produto": "908574",
        "Categoria_Scraping": "higiene pessoal e beleza",
        "Nome": "Champô Homem Anticaspa Cool Sport Mentol",
        "Marca": "Linic",
        "Preco": 4.94,
        "Unidade_Info": "0.36 L | 13,72 €/L",
        "Categorias_GTM": "Cabelo, Champô, Higiene Pessoal e Beleza, Categoria Referência SFCC, Poupe Esta Semana",
        "Data_Coleta": "2025-06-01 02:18:43"
    },
    {
        "ID_Produto": "976027",
        "Categoria_Scraping": "higiene pessoal e beleza",
        "Nome": "Champô Lamellar Shine",
        "Marca": "Tresemmé",
        "Preco": 5.99,
        "Unidade_Info": "0.685 L | 8,74 €/L",
        "Categorias_GTM": "Promoções, Cabelo, Condicionador, Higiene Pessoal e Beleza, Poupe Esta Semana",
        "Data_Coleta": "2025-06-01 02:18:43"
    },
    {
        "ID_Produto": "935294",
        "Categoria_Scraping": "higiene pessoal e beleza",
        "Nome": "Champô Leite de Côco",
        "Marca": "Ultra Suave",
        "Preco": 3.79,
        "Unidade_Info": "0.4 L | 9,48 €/L",
        "Categorias_GTM": "Categoria Referência SFCC, Poupe Esta Semana, Promoções, Cabelo, Champô",
        "Data_Coleta": "2025-06-01 02:18:43"
    },
    {
        "ID_Produto": "922733",
        "Categoria_Scraping": "higiene pessoal e beleza",
        "Nome": "Champô Limpeza Profunda Anti-Comichão",
        "Marca": "Head&Shoulders",
        "Preco": 5.99,
        "Unidade_Info": "0.3 L | 19,97 €/L",
        "Categorias_GTM": "Cabelo, Champô, Higiene Pessoal e Beleza, Promoções, Poupe Esta Semana",
        "Data_Coleta": "2025-06-01 02:18:43"
    },
    {
        "ID_Produto": "977451",
        "Categoria_Scraping": "higiene pessoal e beleza",
        "Nome": "Champô Liso Keratina Smooth",
        "Marca": "Tresemme",
        "Preco": 5.99,
        "Unidade_Info": "0.65 L | 9,22 €/L",
        "Categorias_GTM": "Promoções, Cabelo, Champô, Higiene Pessoal e Beleza, Poupe Esta Semana",
        "Data_Coleta": "2025-06-01 02:18:43"
    },
    {
        "ID_Produto": "801355",
        "Categoria_Scraping": "higiene pessoal e beleza",
        "Nome": "CHAMPÔ NIVEA MEN ACTIVE CLEAN 250ML",
        "Marca": "NIVEA",
        "Preco": 2.39,
        "Unidade_Info": "0.25 L | 9,56 €/L",
        "Categorias_GTM": "Cabelo, Higiene Pessoal e Beleza, Homem, Categoria Referência SFCC, Poupe Este Fim De Semana",
        "Data_Coleta": "2025-06-01 02:18:43"
    },
    {
        "ID_Produto": "984332",
        "Categoria_Scraping": "higiene pessoal e beleza",
        "Nome": "Champô Nutri-Plex Liso e Sedoso",
        "Marca": "Pantene",
        "Preco": 9.44,
        "Unidade_Info": "0.8 L | 11,8 €/L",
        "Categorias_GTM": "Cabelo, Champô, Higiene Pessoal e Beleza, Promoções, Poupe Esta Semana",
        "Data_Coleta": "2025-06-01 02:18:43"
    },
    {
        "ID_Produto": "664398",
        "Categoria_Scraping": "higiene pessoal e beleza",
        "Nome": "Champô para Homem Strong Power",
        "Marca": "Nivea",
        "Preco": 2.69,
        "Unidade_Info": "0.25 L | 10,76 €/L",
        "Categorias_GTM": "Categoria Referência SFCC, Cabelo, Champô, Higiene Pessoal e Beleza, Poupe Este Fim De Semana",
        "Data_Coleta": "2025-06-01 02:18:43"
    },
    {
        "ID_Produto": "983927",
        "Categoria_Scraping": "higiene pessoal e beleza",
        "Nome": "Champô Pro-V Active Nutri-Plex Anticaspa",
        "Marca": "Pantene",
        "Preco": 5.99,
        "Unidade_Info": "0.5 L | 11,98 €/L",
        "Categorias_GTM": "Cabelo, Champô, Higiene Pessoal e Beleza, Promoções, Poupe Esta Semana",
        "Data_Coleta": "2025-06-01 02:18:43"
    },
    {
        "ID_Produto": "983916",
        "Categoria_Scraping": "higiene pessoal e beleza",
        "Nome": "Champô Pro-V Active Nutri-Plex Anticaspa",
        "Marca": "Pantene",
        "Preco": 3.94,
        "Unidade_Info": "0.325 L | 12,12 €/L",
        "Categorias_GTM": "Cabelo, Champô, Higiene Pessoal e Beleza, Promoções, Poupe Esta Semana",
        "Data_Coleta": "2025-06-01 02:18:43"
    },
    {
        "ID_Produto": "985016",
        "Categoria_Scraping": "higiene pessoal e beleza",
        "Nome": "Champô Pro-V Active Nutri-Plex Anticaspa",
        "Marca": "Pantene",
        "Preco": 9.44,
        "Unidade_Info": "0.8 L | 11,8 €/L",
        "Categorias_GTM": "Cabelo, Champô, Higiene Pessoal e Beleza, Poupe Esta Semana, Promoções",
        "Data_Coleta": "2025-06-01 02:18:43"
    },
    {
        "ID_Produto": "983917",
        "Categoria_Scraping": "higiene pessoal e beleza",
        "Nome": "Champô Pro-V Active Nutri-Plex Caracóis Perfeitos",
        "Marca": "Pantene",
        "Preco": 3.94,
        "Unidade_Info": "0.325 L | 12,12 €/L",
        "Categorias_GTM": "Cabelo, Champô, Higiene Pessoal e Beleza, Promoções, Poupe Esta Semana",
        "Data_Coleta": "2025-06-01 02:18:43"
    },
    {
        "ID_Produto": "983918",
        "Categoria_Scraping": "higiene pessoal e beleza",
        "Nome": "Champô Pro-V Active Nutri-Plex Cuidado Clássico",
        "Marca": "Pantene",
        "Preco": 3.94,
        "Unidade_Info": "0.325 L | 12,12 €/L",
        "Categorias_GTM": "Promoções, Cabelo, Champô, Higiene Pessoal e Beleza, Poupe Esta Semana",
        "Data_Coleta": "2025-06-01 02:18:51"
    },
    {
        "ID_Produto": "984331",
        "Categoria_Scraping": "higiene pessoal e beleza",
        "Nome": "Champô Pro-V Active Nutri-Plex Cuidado Clássico",
        "Marca": "Pantene",
        "Preco": 9.44,
        "Unidade_Info": "0.8 L | 11,8 €/L",
        "Categorias_GTM": "Promoções, Cabelo, Champô, Higiene Pessoal e Beleza, Poupe Esta Semana",
        "Data_Coleta": "2025-06-01 02:18:51"
    },
    {
        "ID_Produto": "983920",
        "Categoria_Scraping": "higiene pessoal e beleza",
        "Nome": "Champô Pro-V Active Nutri-Plex Longo Infinito",
        "Marca": "Pantene",
        "Preco": 3.94,
        "Unidade_Info": "0.325 L | 12,12 €/L",
        "Categorias_GTM": "Cabelo, Champô, Higiene Pessoal e Beleza, Promoções, Poupe Esta Semana",
        "Data_Coleta": "2025-06-01 02:18:51"
    },
    {
        "ID_Produto": "983943",
        "Categoria_Scraping": "higiene pessoal e beleza",
        "Nome": "Champô Pro-V Active Nutri-Plex Miracle Repara e Protege",
        "Marca": "Pantene",
        "Preco": 4.94,
        "Unidade_Info": "0.25 L | 19,76 €/L",
        "Categorias_GTM": "Promoções, Cabelo, Champô, Higiene Pessoal e Beleza, Poupe Esta Semana",
        "Data_Coleta": "2025-06-01 02:18:51"
    },
    {
        "ID_Produto": "983919",
        "Categoria_Scraping": "higiene pessoal e beleza",
        "Nome": "Champô Pro-V Active Nutri-Plex Purificante",
        "Marca": "Pantene",
        "Preco": 3.94,
        "Unidade_Info": "0.325 L | 12,12 €/L",
        "Categorias_GTM": "Cabelo, Champô, Higiene Pessoal e Beleza, Promoções, Poupe Esta Semana",
        "Data_Coleta": "2025-06-01 02:18:51"
    },
    {
        "ID_Produto": "983926",
        "Categoria_Scraping": "higiene pessoal e beleza",
        "Nome": "Champô Pro-V Active Nutri-Plex Repara e Protege",
        "Marca": "Pantene",
        "Preco": 5.99,
        "Unidade_Info": "0.5 L | 11,98 €/L",
        "Categorias_GTM": "Cabelo, Champô, Higiene Pessoal e Beleza, Promoções, Poupe Esta Semana",
        "Data_Coleta": "2025-06-01 02:18:51"
    },
    {
        "ID_Produto": "983915",
        "Categoria_Scraping": "higiene pessoal e beleza",
        "Nome": "Champô Pro-V Active Nutri-Plex Repara e Protege",
        "Marca": "Pantene",
        "Preco": 3.94,
        "Unidade_Info": "0.325 L | 12,12 €/L",
        "Categorias_GTM": "Cabelo, Champô, Higiene Pessoal e Beleza, Promoções, Poupe Esta Semana",
        "Data_Coleta": "2025-06-01 02:18:51"
    },
    {
        "ID_Produto": "984578",
        "Categoria_Scraping": "higiene pessoal e beleza",
        "Nome": "Champô Pro-V Active Nutri-Plex Suave e Liso",
        "Marca": "Pantene",
        "Preco": 3.94,
        "Unidade_Info": "0.325 L | 12,12 €/L",
        "Categorias_GTM": "Cabelo, Champô, Higiene Pessoal e Beleza, Promoções, Poupe Esta Semana",
        "Data_Coleta": "2025-06-01 02:18:51"
    },
    {
        "ID_Produto": "970739",
        "Categoria_Scraping": "higiene pessoal e beleza",
        "Nome": "Champô Pro-V Miracles Bambu",
        "Marca": "Pantene",
        "Preco": 6.94,
        "Unidade_Info": "0.25 L | 27,76 €/L",
        "Categorias_GTM": "Poupe Esta Semana, Promoções, Cabelo, Champô, Higiene Pessoal e Beleza",
        "Data_Coleta": "2025-06-01 02:18:51"
    },
    {
        "ID_Produto": "971092",
        "Categoria_Scraping": "higiene pessoal e beleza",
        "Nome": "Champô Pro-V Miracles Bond Repair",
        "Marca": "Pantene",
        "Preco": 6.94,
        "Unidade_Info": "0.25 L | 27,76 €/L",
        "Categorias_GTM": "Poupe Esta Semana, Cabelo, Champô, Higiene Pessoal e Beleza, Promoções",
        "Data_Coleta": "2025-06-01 02:18:51"
    },
    {
        "ID_Produto": "915289",
        "Categoria_Scraping": "higiene pessoal e beleza",
        "Nome": "Champô Repair",
        "Marca": "Syoss",
        "Preco": 3.99,
        "Unidade_Info": "0.44 L | 9,07 €/L",
        "Categorias_GTM": "Promoções, Poupe Esta Semana, Categoria Referência SFCC, Cabelo, Champô",
        "Data_Coleta": "2025-06-01 02:18:51"
    },
    {
        "ID_Produto": "976558",
        "Categoria_Scraping": "higiene pessoal e beleza",
        "Nome": "Champô Repara e Protege",
        "Marca": "Tresemme",
        "Preco": 5.99,
        "Unidade_Info": "0.685 L | 8,74 €/L",
        "Categorias_GTM": "Promoções, Cabelo, Champô, Higiene Pessoal e Beleza, Poupe Esta Semana",
        "Data_Coleta": "2025-06-01 02:18:51"
    },
    {
        "ID_Produto": "873281",
        "Categoria_Scraping": "higiene pessoal e beleza",
        "Nome": "Champô Repara e Protege 3 em 1",
        "Marca": "Pantene",
        "Preco": 3.94,
        "Unidade_Info": "0.3 L | 13,13 €/L",
        "Categorias_GTM": "Promoções, Poupe Esta Semana, Categoria Referência SFCC, Cabelo, Champô",
        "Data_Coleta": "2025-06-01 02:19:00"
    },
    {
        "ID_Produto": "982377",
        "Categoria_Scraping": "higiene pessoal e beleza",
        "Nome": "Champô Repara Óleo de Argão",
        "Marca": "Herbal",
        "Preco": 3.99,
        "Unidade_Info": "0.35 L | 11,4 €/L",
        "Categorias_GTM": "Cabelo, Champô, Higiene Pessoal e Beleza, Promoções, Poupe Esta Semana",
        "Data_Coleta": "2025-06-01 02:19:00"
    },
    {
        "ID_Produto": "976559",
        "Categoria_Scraping": "higiene pessoal e beleza",
        "Nome": "Champô Replenish & Cleanse",
        "Marca": "Tresemme",
        "Preco": 3.79,
        "Unidade_Info": "0.4 L | 9,48 €/L",
        "Categorias_GTM": "Promoções, Cabelo, Champô, Higiene Pessoal e Beleza, Poupe Esta Semana",
        "Data_Coleta": "2025-06-01 02:19:00"
    },
    {
        "ID_Produto": "861046",
        "Categoria_Scraping": "higiene pessoal e beleza",
        "Nome": "Champô Seco Cabelos Loiros Batiste",
        "Marca": "Batiste",
        "Preco": 3.99,
        "Unidade_Info": "0.2 L | 19,95 €/L",
        "Categorias_GTM": "Cabelo, Champô, Higiene Pessoal e Beleza, Categoria Referência SFCC, Poupe Este Fim De Semana",
        "Data_Coleta": "2025-06-01 02:19:00"
    },
    {
        "ID_Produto": "845159",
        "Categoria_Scraping": "higiene pessoal e beleza",
        "Nome": "Champô Seco Cherry Batiste",
        "Marca": "Batiste",
        "Preco": 3.19,
        "Unidade_Info": "0.2 L | 15,95 €/L",
        "Categorias_GTM": "Cabelo, Champô, Higiene Pessoal e Beleza, Categoria Referência SFCC, Poupe Este Fim De Semana",
        "Data_Coleta": "2025-06-01 02:19:00"
    },
    {
        "ID_Produto": "886277",
        "Categoria_Scraping": "higiene pessoal e beleza",
        "Nome": "Champô Seco Original",
        "Marca": "Batiste",
        "Preco": 1.49,
        "Unidade_Info": "0.05 L | 29,8 €/L",
        "Categorias_GTM": "Cabelo, Champô, Higiene Pessoal e Beleza, Categoria Referência SFCC, Poupe Esta Semana",
        "Data_Coleta": "2025-06-01 02:19:00"
    },
    {
        "ID_Produto": "845160",
        "Categoria_Scraping": "higiene pessoal e beleza",
        "Nome": "Champô Seco Original",
        "Marca": "Batiste",
        "Preco": 3.19,
        "Unidade_Info": "0.2 L | 15,95 €/L",
        "Categorias_GTM": "Categoria Referência SFCC, Cabelo, Champô, Higiene Pessoal e Beleza, Poupe Este Fim De Semana",
        "Data_Coleta": "2025-06-01 02:19:00"
    },
    {
        "ID_Produto": "845158",
        "Categoria_Scraping": "higiene pessoal e beleza",
        "Nome": "Champô Seco Tropical",
        "Marca": "Batiste",
        "Preco": 3.19,
        "Unidade_Info": "0.2 L | 15,95 €/L",
        "Categorias_GTM": "Categoria Referência SFCC, Cabelo, Champô, Higiene Pessoal e Beleza, Poupe Este Fim De Semana",
        "Data_Coleta": "2025-06-01 02:19:00"
    },
    {
        "ID_Produto": "982392",
        "Categoria_Scraping": "higiene pessoal e beleza",
        "Nome": "Champô Suaviza Aroma a Rosas",
        "Marca": "Herbal",
        "Preco": 3.99,
        "Unidade_Info": "0.35 L | 11,4 €/L",
        "Categorias_GTM": "Cabelo, Champô, Higiene Pessoal e Beleza, Promoções, Poupe Esta Semana",
        "Data_Coleta": "2025-06-01 02:19:00"
    },
    {
        "ID_Produto": "937407",
        "Categoria_Scraping": "higiene pessoal e beleza",
        "Nome": "Champô Tesouros de Mel",
        "Marca": "Ultra Suave",
        "Preco": 3.79,
        "Unidade_Info": "0.4 L | 9,48 €/L",
        "Categorias_GTM": "Cabelo, Champô, Higiene Pessoal e Beleza, Categoria Referência SFCC, Poupe Esta Semana",
        "Data_Coleta": "2025-06-01 02:19:00"
    },
    {
        "ID_Produto": "957520",
        "Categoria_Scraping": "higiene pessoal e beleza",
        "Nome": "Champô Ultra Suave Abacate",
        "Marca": "Ultra Suave",
        "Preco": 7.09,
        "Unidade_Info": "1 L | 7,09 €/L",
        "Categorias_GTM": "Categoria Referência SFCC, Promoções, Poupe Esta Semana, Cabelo, Champô",
        "Data_Coleta": "2025-06-01 02:19:00"
    },
    {
        "ID_Produto": "970408",
        "Categoria_Scraping": "higiene pessoal e beleza",
        "Nome": "Champô Ultra Suave Água de Arroz",
        "Marca": "Ultra Suave",
        "Preco": 3.79,
        "Unidade_Info": "0.4 L | 9,48 €/L",
        "Categorias_GTM": "Poupe Esta Semana, Promoções, Cabelo, Champô, Higiene Pessoal e Beleza",
        "Data_Coleta": "2025-06-01 02:19:00"
    },
    {
        "ID_Produto": "838318",
        "Categoria_Scraping": "higiene pessoal e beleza",
        "Nome": "Champô Ultra Suave Aveia",
        "Marca": "Ultra Suave",
        "Preco": 5.34,
        "Unidade_Info": "0.6 L | 8,9 €/L",
        "Categorias_GTM": "Poupe Esta Semana, Promoções, Cabelo, Champô, Higiene Pessoal e Beleza",
        "Data_Coleta": "2025-06-01 02:19:09"
    },
    {
        "ID_Produto": "955295",
        "Categoria_Scraping": "higiene pessoal e beleza",
        "Nome": "Champô Ultra Suave Carvão",
        "Marca": "Ultra Suave",
        "Preco": 3.79,
        "Unidade_Info": "0.4 L | 9,48 €/L",
        "Categorias_GTM": "Categoria Referência SFCC, Poupe Esta Semana, Promoções, Cabelo, Champô",
        "Data_Coleta": "2025-06-01 02:19:09"
    },
    {
        "ID_Produto": "881971",
        "Categoria_Scraping": "higiene pessoal e beleza",
        "Nome": "Champô Violeta Color Vive",
        "Marca": "Elvive",
        "Preco": 3.99,
        "Unidade_Info": "0.2 L | 19,95 €/L",
        "Categorias_GTM": "Promoções, Cabelo, Champô, Higiene Pessoal e Beleza, Poupe Esta Semana",
        "Data_Coleta": "2025-06-01 02:19:09"
    },
    {
        "ID_Produto": "915291",
        "Categoria_Scraping": "higiene pessoal e beleza",
        "Nome": "Champô Volume",
        "Marca": "Syoss",
        "Preco": 3.99,
        "Unidade_Info": "0.44 L | 9,07 €/L",
        "Categorias_GTM": "Cabelo, Champô, Promoções, Poupe Esta Semana, Categoria Referência SFCC",
        "Data_Coleta": "2025-06-01 02:19:09"
    },
    {
        "ID_Produto": "543283",
        "Categoria_Scraping": "higiene pessoal e beleza",
        "Nome": "Coloração Casting Creme Gloss Castanho nº 400",
        "Marca": "L'Oréal Paris",
        "Preco": 9.99,
        "Unidade_Info": "1 Un | 9,99 €/Un",
        "Categorias_GTM": "N/A",
        "Data_Coleta": "2025-06-01 02:19:09"
    },
    {
        "ID_Produto": "599951",
        "Categoria_Scraping": "higiene pessoal e beleza",
        "Nome": "Coloração Casting Creme Gloss Chocolate nº 535",
        "Marca": "Casting",
        "Preco": 9.99,
        "Unidade_Info": "1 Un | 9,99 €/Un",
        "Categorias_GTM": "Cabelo, Champô, Higiene Pessoal e Beleza",
        "Data_Coleta": "2025-06-01 02:19:09"
    },
    {
        "ID_Produto": "543281",
        "Categoria_Scraping": "higiene pessoal e beleza",
        "Nome": "Coloração Casting Creme Gloss Preto Azulado nº 210",
        "Marca": "L'Oréal Paris",
        "Preco": 9.99,
        "Unidade_Info": "1 Un | 9,99 €/Un",
        "Categorias_GTM": "N/A",
        "Data_Coleta": "2025-06-01 02:19:09"
    },
    {
        "ID_Produto": "976473",
        "Categoria_Scraping": "higiene pessoal e beleza",
        "Nome": "Coloração Color Sensation Ultra Preto nº 1.0",
        "Marca": "Garnier",
        "Preco": 3.99,
        "Unidade_Info": "1 Un | 3,99 €/Un",
        "Categorias_GTM": "Cabelo, Coloração, Higiene Pessoal e Beleza, Categoria Referência SFCC, Poupe Esta Semana",
        "Data_Coleta": "2025-06-01 02:19:09"
    },
    {
        "ID_Produto": "802807",
        "Categoria_Scraping": "higiene pessoal e beleza",
        "Nome": "Coloração Excellence Intense Louro Acobreado Dourado nº 7.43",
        "Marca": "L'Oréal Paris",
        "Preco": 12.99,
        "Unidade_Info": "1 Un | 12,99 €/Un",
        "Categorias_GTM": "N/A",
        "Data_Coleta": "2025-06-01 02:19:09"
    },
    {
        "ID_Produto": "3693",
        "Categoria_Scraping": "higiene pessoal e beleza",
        "Nome": "Coloração Loiro Claro Cendré nº 8.1",
        "Marca": "L'Oréal Paris",
        "Preco": 12.99,
        "Unidade_Info": "1 Un | 12,99 €/Un",
        "Categorias_GTM": "N/A",
        "Data_Coleta": "2025-06-01 02:19:09"
    },
    {
        "ID_Produto": "969729",
        "Categoria_Scraping": "higiene pessoal e beleza",
        "Nome": "Coloração Magic Retouch Castanho 3",
        "Marca": "L'Oréal Paris",
        "Preco": 9.89,
        "Unidade_Info": "0.075 L | 131,87 €/L",
        "Categorias_GTM": "N/A",
        "Data_Coleta": "2025-06-01 02:19:09"
    },
    {
        "ID_Produto": "969708",
        "Categoria_Scraping": "higiene pessoal e beleza",
        "Nome": "Coloração Magic Retouch Castanho Escuro 2",
        "Marca": "L'Oréal Paris",
        "Preco": 9.89,
        "Unidade_Info": "0.075 L | 131,87 €/L",
        "Categorias_GTM": "N/A",
        "Data_Coleta": "2025-06-01 02:19:09"
    },
    {
        "ID_Produto": "969730",
        "Categoria_Scraping": "higiene pessoal e beleza",
        "Nome": "Coloração Magic Retouch Louro 4",
        "Marca": "L'Oréal Paris",
        "Preco": 9.89,
        "Unidade_Info": "0.075 L | 131,87 €/L",
        "Categorias_GTM": "N/A",
        "Data_Coleta": "2025-06-01 02:19:18"
    },
    {
        "ID_Produto": "753659",
        "Categoria_Scraping": "higiene pessoal e beleza",
        "Nome": "Coloração Oil Intense Castanho Caramelo nº 5.86",
        "Marca": "Syoss",
        "Preco": 7.29,
        "Unidade_Info": "1 Un | 7,29 €/Un",
        "Categorias_GTM": "Cabelo, Coloração, Higiene Pessoal e Beleza, Categoria Referência SFCC, Poupe Esta Semana",
        "Data_Coleta": "2025-06-01 02:19:18"
    },
    {
        "ID_Produto": "753658",
        "Categoria_Scraping": "higiene pessoal e beleza",
        "Nome": "Coloração Oil Intense Castanho Praliné nº 4.18",
        "Marca": "Syoss",
        "Preco": 7.29,
        "Unidade_Info": "1 Un | 7,29 €/Un",
        "Categorias_GTM": "Cabelo, Coloração, Higiene Pessoal e Beleza, Poupe Esta Semana, Promoções",
        "Data_Coleta": "2025-06-01 02:19:18"
    },
    {
        "ID_Produto": "758710",
        "Categoria_Scraping": "higiene pessoal e beleza",
        "Nome": "Coloração Oil Intense Cereja Profundo nº4.23",
        "Marca": "Syoss",
        "Preco": 7.29,
        "Unidade_Info": "1 Un | 7,29 €/Un",
        "Categorias_GTM": "Poupe Esta Semana, Promoções, Categoria Referência SFCC, Cabelo, Coloração",
        "Data_Coleta": "2025-06-01 02:19:18"
    },
    {
        "ID_Produto": "753655",
        "Categoria_Scraping": "higiene pessoal e beleza",
        "Nome": "Coloração Oil Intense Preto Intenso nº 1.10",
        "Marca": "Syoss",
        "Preco": 7.29,
        "Unidade_Info": "1 Un | 7,29 €/Un",
        "Categorias_GTM": "Cabelo, Coloração, Higiene Pessoal e Beleza, Categoria Referência SFCC, Poupe Esta Semana",
        "Data_Coleta": "2025-06-01 02:19:18"
    },
    {
        "ID_Produto": "755539",
        "Categoria_Scraping": "higiene pessoal e beleza",
        "Nome": "Coloração Olia Castanho Chocolate nº 4.15",
        "Marca": "Garnier",
        "Preco": 11.99,
        "Unidade_Info": "1 Un | 11,99 €/Un",
        "Categorias_GTM": "Categoria Referência SFCC, Cabelo, Coloração, Higiene Pessoal e Beleza",
        "Data_Coleta": "2025-06-01 02:19:18"
    },
    {
        "ID_Produto": "755542",
        "Categoria_Scraping": "higiene pessoal e beleza",
        "Nome": "Coloração Olia Castanho Dourado nº 5.3 Olia",
        "Marca": "Garnier",
        "Preco": 11.99,
        "Unidade_Info": "1 Un | 11,99 €/Un",
        "Categorias_GTM": "Categoria Referência SFCC, Cabelo, Coloração, Higiene Pessoal e Beleza",
        "Data_Coleta": "2025-06-01 02:19:18"
    },
    {
        "ID_Produto": "755544",
        "Categoria_Scraping": "higiene pessoal e beleza",
        "Nome": "Coloração Olia Loiro Escuro nº 6.3",
        "Marca": "Garnier",
        "Preco": 11.99,
        "Unidade_Info": "1 Un | 11,99 €/Un",
        "Categorias_GTM": "Categoria Referência SFCC, Cabelo, Coloração, Higiene Pessoal e Beleza",
        "Data_Coleta": "2025-06-01 02:19:18"
    },
    {
        "ID_Produto": "56270",
        "Categoria_Scraping": "higiene pessoal e beleza",
        "Nome": "Coloração para Cabelo Camomille Loiro Muito Claro nº 100",
        "Marca": "Garnier",
        "Preco": 6.14,
        "Unidade_Info": "1 Un | 6,14 €/Un",
        "Categorias_GTM": "Poupe Esta Semana, Categoria Referência SFCC, Cabelo, Coloração, Higiene Pessoal e Beleza",
        "Data_Coleta": "2025-06-01 02:19:18"
    },
    {
        "ID_Produto": "704854",
        "Categoria_Scraping": "higiene pessoal e beleza",
        "Nome": "Coloração para Cabelo Castanho Chocolate n º 3.65",
        "Marca": "Palette",
        "Preco": 4.29,
        "Unidade_Info": "0.115 L | 37,3 €/L",
        "Categorias_GTM": "Poupe Esta Semana, Categoria Referência SFCC, Cabelo, Coloração, Higiene Pessoal e Beleza",
        "Data_Coleta": "2025-06-01 02:19:18"
    },
    {
        "ID_Produto": "704793",
        "Categoria_Scraping": "higiene pessoal e beleza",
        "Nome": "Coloração para Cabelo Castanho Claro n.º 5",
        "Marca": "Palette",
        "Preco": 4.29,
        "Unidade_Info": "0.115 L | 37,3 €/L",
        "Categorias_GTM": "Poupe Esta Semana, Categoria Referência SFCC, Cabelo, Coloração, Higiene Pessoal e Beleza",
        "Data_Coleta": "2025-06-01 02:19:18"
    },
    {
        "ID_Produto": "528629",
        "Categoria_Scraping": "higiene pessoal e beleza",
        "Nome": "Coloração para Cabelo Castanho Claro nº 50 Nutrisse",
        "Marca": "Garnier",
        "Preco": 6.14,
        "Unidade_Info": "1 Un | 6,14 €/Un",
        "Categorias_GTM": "Categoria Referência SFCC, Cabelo, Coloração, Higiene Pessoal e Beleza, Poupe Esta Semana",
        "Data_Coleta": "2025-06-01 02:19:18"
    },
    {
        "ID_Produto": "3678",
        "Categoria_Scraping": "higiene pessoal e beleza",
        "Nome": "Coloração para Cabelo Castanho Claro nº5 Color",
        "Marca": "L'Oréal Paris",
        "Preco": 12.99,
        "Unidade_Info": "1 Un | 12,99 €/Un",
        "Categorias_GTM": "N/A",
        "Data_Coleta": "2025-06-01 02:19:29"
    },
    {
        "ID_Produto": "56278",
        "Categoria_Scraping": "higiene pessoal e beleza",
        "Nome": "Coloração para Cabelo Castanho Dourado nº 4.3",
        "Marca": "Garnier",
        "Preco": 6.14,
        "Unidade_Info": "1 Un | 6,14 €/Un",
        "Categorias_GTM": "Categoria Referência SFCC, Cabelo, Coloração, Higiene Pessoal e Beleza, Poupe Esta Semana",
        "Data_Coleta": "2025-06-01 02:19:29"
    },
    {
        "ID_Produto": "271414",
        "Categoria_Scraping": "higiene pessoal e beleza",
        "Nome": "Coloração para Cabelo Castanho Escuro nº 3",
        "Marca": "L'Oréal Paris",
        "Preco": 12.99,
        "Unidade_Info": "1 Un | 12,99 €/Un",
        "Categorias_GTM": "N/A",
        "Data_Coleta": "2025-06-01 02:19:29"
    },
    {
        "ID_Produto": "704853",
        "Categoria_Scraping": "higiene pessoal e beleza",
        "Nome": "Coloração para Cabelo Castanho Escuro nº 3",
        "Marca": "Palette",
        "Preco": 4.29,
        "Unidade_Info": "0.115 L | 37,3 €/L",
        "Categorias_GTM": "Categoria Referência SFCC, Promoções, Cabelo, Coloração, Higiene Pessoal e Beleza",
        "Data_Coleta": "2025-06-01 02:19:29"
    },
    {
        "ID_Produto": "36436",
        "Categoria_Scraping": "higiene pessoal e beleza",
        "Nome": "Coloração para Cabelo Castanho nº 4",
        "Marca": "L'Oréal Paris",
        "Preco": 12.99,
        "Unidade_Info": "1 Un | 12,99 €/Un",
        "Categorias_GTM": "N/A",
        "Data_Coleta": "2025-06-01 02:19:29"
    },
    {
        "ID_Produto": "528628",
        "Categoria_Scraping": "higiene pessoal e beleza",
        "Nome": "Coloração para Cabelo Castanho nº 40",
        "Marca": "Garnier",
        "Preco": 6.14,
        "Unidade_Info": "1 Un | 6,14 €/Un",
        "Categorias_GTM": "Categoria Referência SFCC, Cabelo, Coloração, Higiene Pessoal e Beleza, Poupe Este Fim De Semana",
        "Data_Coleta": "2025-06-01 02:19:29"
    },
    {
        "ID_Produto": "56286",
        "Categoria_Scraping": "higiene pessoal e beleza",
        "Nome": "Coloração para Cabelo Ebene nº 30",
        "Marca": "Garnier",
        "Preco": 6.14,
        "Unidade_Info": "1 Un | 6,14 €/Un",
        "Categorias_GTM": "Categoria Referência SFCC, Cabelo, Coloração, Higiene Pessoal e Beleza, Poupe Este Fim De Semana",
        "Data_Coleta": "2025-06-01 02:19:29"
    },
    {
        "ID_Produto": "939680",
        "Categoria_Scraping": "higiene pessoal e beleza",
        "Nome": "Coloração para Cabelo Excellence Universal Nudes Castanho Claro 5U",
        "Marca": "L'Oréal Paris",
        "Preco": 12.99,
        "Unidade_Info": "1 Un | 12,99 €/Un",
        "Categorias_GTM": "N/A",
        "Data_Coleta": "2025-06-01 02:19:29"
    },
    {
        "ID_Produto": "939710",
        "Categoria_Scraping": "higiene pessoal e beleza",
        "Nome": "Coloração para Cabelo Excellence Universal Nudes Louro 7U",
        "Marca": "L'Oréal Paris",
        "Preco": 12.99,
        "Unidade_Info": "1 Un | 12,99 €/Un",
        "Categorias_GTM": "N/A",
        "Data_Coleta": "2025-06-01 02:19:29"
    },
    {
        "ID_Produto": "704796",
        "Categoria_Scraping": "higiene pessoal e beleza",
        "Nome": "Coloração para Cabelo Loiro Claro nº 8",
        "Marca": "Palette",
        "Preco": 4.29,
        "Unidade_Info": "0.115 L | 37,3 €/L",
        "Categorias_GTM": "Categoria Referência SFCC, Promoções, Cabelo, Coloração, Higiene Pessoal e Beleza",
        "Data_Coleta": "2025-06-01 02:19:29"
    },
    {
        "ID_Produto": "54961",
        "Categoria_Scraping": "higiene pessoal e beleza",
        "Nome": "Coloração para Cabelo Loiro Dourado nº7.3",
        "Marca": "L'Oréal Paris",
        "Preco": 12.99,
        "Unidade_Info": "1 Un | 12,99 €/Un",
        "Categorias_GTM": "N/A",
        "Data_Coleta": "2025-06-01 02:19:29"
    },
    {
        "ID_Produto": "704794",
        "Categoria_Scraping": "higiene pessoal e beleza",
        "Nome": "Coloração para Cabelo Loiro Escuro nº 6",
        "Marca": "Palette",
        "Preco": 4.29,
        "Unidade_Info": "0.115 L | 37,3 €/L",
        "Categorias_GTM": "Categoria Referência SFCC, Promoções, Cabelo, Coloração, Higiene Pessoal e Beleza",
        "Data_Coleta": "2025-06-01 02:19:29"
    },
    {
        "ID_Produto": "56274",
        "Categoria_Scraping": "higiene pessoal e beleza",
        "Nome": "Coloração para Cabelo Loiro Escuro nº 6.0",
        "Marca": "Garnier",
        "Preco": 6.14,
        "Unidade_Info": "1 Un | 6,14 €/Un",
        "Categorias_GTM": "Categoria Referência SFCC, Cabelo, Coloração, Higiene Pessoal e Beleza, Poupe Esta Semana",
        "Data_Coleta": "2025-06-01 02:19:38"
    },
    {
        "ID_Produto": "3688",
        "Categoria_Scraping": "higiene pessoal e beleza",
        "Nome": "Coloração para Cabelo Loiro Escuro nº 6 Color",
        "Marca": "L'Oréal Paris",
        "Preco": 12.99,
        "Unidade_Info": "1 Un | 12,99 €/Un",
        "Categorias_GTM": "N/A",
        "Data_Coleta": "2025-06-01 02:19:38"
    },
    {
        "ID_Produto": "3686",
        "Categoria_Scraping": "higiene pessoal e beleza",
        "Nome": "Coloração para Cabelo Loiro nº7",
        "Marca": "L'Oréal Paris",
        "Preco": 12.99,
        "Unidade_Info": "1 Un | 12,99 €/Un",
        "Categorias_GTM": "N/A",
        "Data_Coleta": "2025-06-01 02:19:38"
    },
    {
        "ID_Produto": "528631",
        "Categoria_Scraping": "higiene pessoal e beleza",
        "Nome": "Coloração para Cabelo Louro nº 53 Nutrisse",
        "Marca": "Garnier",
        "Preco": 6.14,
        "Unidade_Info": "1 Un | 6,14 €/Un",
        "Categorias_GTM": "Categoria Referência SFCC, Cabelo, Coloração, Higiene Pessoal e Beleza, Poupe Este Fim De Semana",
        "Data_Coleta": "2025-06-01 02:19:38"
    },
    {
        "ID_Produto": "692528",
        "Categoria_Scraping": "higiene pessoal e beleza",
        "Nome": "Coloração para Cabelo Nutrisse Ultra Color Vermelho Ousado nº 5.62",
        "Marca": "Garnier",
        "Preco": 6.14,
        "Unidade_Info": "1 Un | 6,14 €/Un",
        "Categorias_GTM": "Categoria Referência SFCC, Poupe Esta Semana, Promoções, Cabelo, Coloração",
        "Data_Coleta": "2025-06-01 02:19:38"
    },
    {
        "ID_Produto": "56273",
        "Categoria_Scraping": "higiene pessoal e beleza",
        "Nome": "Coloração para Cabelo Permanente Loiro Dourado nº 7.3",
        "Marca": "Garnier",
        "Preco": 6.14,
        "Unidade_Info": "1 Un | 6,14 €/Un",
        "Categorias_GTM": "Categoria Referência SFCC, Cabelo, Coloração, Higiene Pessoal e Beleza, Poupe Este Fim De Semana",
        "Data_Coleta": "2025-06-01 02:19:38"
    },
    {
        "ID_Produto": "704852",
        "Categoria_Scraping": "higiene pessoal e beleza",
        "Nome": "Coloração para Cabelo Preto Azulado nº 1.1",
        "Marca": "Palette",
        "Preco": 4.29,
        "Unidade_Info": "0.115 L | 37,3 €/L",
        "Categorias_GTM": "Poupe Esta Semana, Categoria Referência SFCC, Cabelo, Coloração, Higiene Pessoal e Beleza",
        "Data_Coleta": "2025-06-01 02:19:38"
    },
    {
        "ID_Produto": "927003",
        "Categoria_Scraping": "higiene pessoal e beleza",
        "Nome": "Coloração para Cabelo Preto Galático nº 1.10",
        "Marca": "Garnier",
        "Preco": 6.14,
        "Unidade_Info": "1 Un | 6,14 €/Un",
        "Categorias_GTM": "Cabelo, Coloração, Higiene Pessoal e Beleza, Categoria Referência SFCC, Poupe Esta Semana",
        "Data_Coleta": "2025-06-01 02:19:38"
    },
    {
        "ID_Produto": "704851",
        "Categoria_Scraping": "higiene pessoal e beleza",
        "Nome": "Coloração para Cabelo Preto nº 1",
        "Marca": "Palette",
        "Preco": 4.29,
        "Unidade_Info": "0.115 L | 37,3 €/L",
        "Categorias_GTM": "Categoria Referência SFCC, Promoções, Cabelo, Coloração, Higiene Pessoal e Beleza",
        "Data_Coleta": "2025-06-01 02:19:38"
    },
    {
        "ID_Produto": "56288",
        "Categoria_Scraping": "higiene pessoal e beleza",
        "Nome": "Coloração para Cabelo Preto nº 1",
        "Marca": "Garnier",
        "Preco": 6.14,
        "Unidade_Info": "1 Un | 6,14 €/Un",
        "Categorias_GTM": "Categoria Referência SFCC, Cabelo, Coloração, Higiene Pessoal e Beleza, Poupe Este Fim De Semana",
        "Data_Coleta": "2025-06-01 02:19:38"
    },
    {
        "ID_Produto": "720178",
        "Categoria_Scraping": "higiene pessoal e beleza",
        "Nome": "Coloração para Cabelos Castanho Violino nº 4.26",
        "Marca": "Garnier",
        "Preco": 6.14,
        "Unidade_Info": "0.16 Kg | 38,38 €/Kg",
        "Categorias_GTM": "Categoria Referência SFCC, Cabelo, Coloração, Higiene Pessoal e Beleza, Poupe Este Fim De Semana",
        "Data_Coleta": "2025-06-01 02:19:38"
    },
    {
        "ID_Produto": "704792",
        "Categoria_Scraping": "higiene pessoal e beleza",
        "Nome": "Coloração para Cabelo Violino Palette nº 4,99",
        "Marca": "Palette",
        "Preco": 4.29,
        "Unidade_Info": "0.115 L | 37,3 €/L",
        "Categorias_GTM": "Categoria Referência SFCC, Promoções, Cabelo, Coloração, Higiene Pessoal e Beleza",
        "Data_Coleta": "2025-06-01 02:19:38"
    },
    {
        "ID_Produto": "727822",
        "Categoria_Scraping": "higiene pessoal e beleza",
        "Nome": "Coloração para Canelo Excellence Avelã nº 6.41",
        "Marca": "L'Oréal Paris",
        "Preco": 12.99,
        "Unidade_Info": "1 Un | 12,99 €/Un",
        "Categorias_GTM": "N/A",
        "Data_Coleta": "2025-06-01 02:19:48"
    },
    {
        "ID_Produto": "758709",
        "Categoria_Scraping": "higiene pessoal e beleza",
        "Nome": "Coloração Syoss Oil Intense CastanhoEscuro  nº 3.10",
        "Marca": "Syoss",
        "Preco": 7.29,
        "Unidade_Info": "1 Un | 7,29 €/Un",
        "Categorias_GTM": "Poupe Esta Semana, Promoções, Categoria Referência SFCC, Cabelo, Coloração",
        "Data_Coleta": "2025-06-01 02:19:48"
    },
    {
        "ID_Produto": "753662",
        "Categoria_Scraping": "higiene pessoal e beleza",
        "Nome": "Coloração Syoss Oil Intense Loiro Luminoso nº 9.10",
        "Marca": "Syoss",
        "Preco": 7.29,
        "Unidade_Info": "1 Un | 7,29 €/Un",
        "Categorias_GTM": "Cabelo, Coloração, Higiene Pessoal e Beleza, Categoria Referência SFCC, Poupe Esta Semana",
        "Data_Coleta": "2025-06-01 02:19:48"
    },
    {
        "ID_Produto": "905535",
        "Categoria_Scraping": "higiene pessoal e beleza",
        "Nome": "Coloração Vermelho Intenso Oil Intense nº 5.92",
        "Marca": "Syoss",
        "Preco": 7.29,
        "Unidade_Info": "1 Un | 7,29 €/Un",
        "Categorias_GTM": "Cabelo, Coloração, Higiene Pessoal e Beleza, Poupe Esta Semana, Promoções",
        "Data_Coleta": "2025-06-01 02:19:48"
    },
    {
        "ID_Produto": "976476",
        "Categoria_Scraping": "higiene pessoal e beleza",
        "Nome": "COLOR SENSATION CHOCOLATE 4.15",
        "Marca": "COLOR SENSATION",
        "Preco": 3.99,
        "Unidade_Info": "1 Un | 3,99 €/Un",
        "Categorias_GTM": "Cabelo, Coloração, Higiene Pessoal e Beleza, Poupe Esta Semana, Promoções",
        "Data_Coleta": "2025-06-01 02:19:48"
    },
    {
        "ID_Produto": "976472",
        "Categoria_Scraping": "higiene pessoal e beleza",
        "Nome": "COLOR SENSATION LOURO ESCURO 6.0",
        "Marca": "COLOR SENSATION",
        "Preco": 3.99,
        "Unidade_Info": "1 Un | 3,99 €/Un",
        "Categorias_GTM": "Cabelo, Coloração, Higiene Pessoal e Beleza, Poupe Esta Semana, Promoções",
        "Data_Coleta": "2025-06-01 02:19:48"
    },
    {
        "ID_Produto": "976455",
        "Categoria_Scraping": "higiene pessoal e beleza",
        "Nome": "COLOR SENSATION PRETO AZULADO 2.1",
        "Marca": "COLOR SENSATION",
        "Preco": 3.99,
        "Unidade_Info": "1 Un | 3,99 €/Un",
        "Categorias_GTM": "Cabelo, Coloração, Higiene Pessoal e Beleza, Poupe Esta Semana, Promoções",
        "Data_Coleta": "2025-06-01 02:19:48"
    },
    {
        "ID_Produto": "823051",
        "Categoria_Scraping": "higiene pessoal e beleza",
        "Nome": "Condicionador Abacate",
        "Marca": "Garnier",
        "Preco": 3.79,
        "Unidade_Info": "0.4 L | 9,48 €/L",
        "Categorias_GTM": "Poupe Esta Semana, Cabelo, Condicionador, Higiene Pessoal e Beleza, Promoções",
        "Data_Coleta": "2025-06-01 02:19:48"
    },
    {
        "ID_Produto": "942745",
        "Categoria_Scraping": "higiene pessoal e beleza",
        "Nome": "Condicionador Capilar Filtro UV",
        "Marca": "Be Beauty",
        "Preco": 2.49,
        "Unidade_Info": "0.25 L | 9,96 €/L",
        "Categorias_GTM": "Higiene Pessoal e Beleza, Infantil, Cuidados Solares",
        "Data_Coleta": "2025-06-01 02:19:48"
    },
    {
        "ID_Produto": "904092",
        "Categoria_Scraping": "higiene pessoal e beleza",
        "Nome": "Condicionador Color Vive",
        "Marca": "L'Oréal Paris",
        "Preco": 3.94,
        "Unidade_Info": "0.3 L | 13,13 €/L",
        "Categorias_GTM": "N/A",
        "Data_Coleta": "2025-06-01 02:19:48"
    },
    {
        "ID_Produto": "859760",
        "Categoria_Scraping": "higiene pessoal e beleza",
        "Nome": "Condicionador Cuidado Clássico",
        "Marca": "Tresemmé",
        "Preco": 5.99,
        "Unidade_Info": "0.9 L | 6,66 €/L",
        "Categorias_GTM": "Cabelo, Condicionador, Higiene Pessoal e Beleza, Poupe Esta Semana, Promoções",
        "Data_Coleta": "2025-06-01 02:19:48"
    },
    {
        "ID_Produto": "815095",
        "Categoria_Scraping": "higiene pessoal e beleza",
        "Nome": "Condicionador Delicadeza de Aveia",
        "Marca": "Garnier",
        "Preco": 3.79,
        "Unidade_Info": "0.4 L | 9,48 €/L",
        "Categorias_GTM": "Promoções, Categoria Referência SFCC, Poupe Esta Semana, Cabelo, Condicionador",
        "Data_Coleta": "2025-06-01 02:19:48"
    },
    {
        "ID_Produto": "904091",
        "Categoria_Scraping": "higiene pessoal e beleza",
        "Nome": "Condicionador Dream Long",
        "Marca": "L'Oréal Paris",
        "Preco": 3.94,
        "Unidade_Info": "0.3 L | 13,13 €/L",
        "Categorias_GTM": "N/A",
        "Data_Coleta": "2025-06-01 02:19:58"
    },
    {
        "ID_Produto": "955328",
        "Categoria_Scraping": "higiene pessoal e beleza",
        "Nome": "Condicionador Elvive Bond Repair",
        "Marca": "L'Oréal Paris",
        "Preco": 4.94,
        "Unidade_Info": "0.15 L | 32,93 €/L",
        "Categorias_GTM": "N/A",
        "Data_Coleta": "2025-06-01 02:19:58"
    },
    {
        "ID_Produto": "938983",
        "Categoria_Scraping": "higiene pessoal e beleza",
        "Nome": "Condicionador Elvive Hidra Hialurónico",
        "Marca": "L'Oréal Paris",
        "Preco": 3.89,
        "Unidade_Info": "0.3 L | 12,97 €/L",
        "Categorias_GTM": "N/A",
        "Data_Coleta": "2025-06-01 02:19:58"
    },
    {
        "ID_Produto": "973973",
        "Categoria_Scraping": "higiene pessoal e beleza",
        "Nome": "Condicionador Flawless Waves",
        "Marca": "Tresemmé",
        "Preco": 5.94,
        "Unidade_Info": "0.685 L | 8,67 €/L",
        "Categorias_GTM": "Promoções, Cabelo, Condicionador, Higiene Pessoal e Beleza, Poupe Esta Semana",
        "Data_Coleta": "2025-06-01 02:19:58"
    },
    {
        "ID_Produto": "904079",
        "Categoria_Scraping": "higiene pessoal e beleza",
        "Nome": "Condicionador Fructis Hair Food Papaia",
        "Marca": "Garnier",
        "Preco": 3.94,
        "Unidade_Info": "0.35 L | 11,26 €/L",
        "Categorias_GTM": "Cabelo, Condicionador, Higiene Pessoal e Beleza, Poupe Esta Semana, Promoções",
        "Data_Coleta": "2025-06-01 02:19:58"
    },
    {
        "ID_Produto": "971977",
        "Categoria_Scraping": "higiene pessoal e beleza",
        "Nome": "Condicionador Fructis Hidra Caracóis Garnier",
        "Marca": "Garnier",
        "Preco": 3.69,
        "Unidade_Info": "0.25 L | 14,76 €/L",
        "Categorias_GTM": "Cabelo, Condicionador, Higiene Pessoal e Beleza, Categoria Referência SFCC, Poupe Este Fim De Semana",
        "Data_Coleta": "2025-06-01 02:19:58"
    },
    {
        "ID_Produto": "904095",
        "Categoria_Scraping": "higiene pessoal e beleza",
        "Nome": "Condicionador Full Resist",
        "Marca": "L'Oréal Paris",
        "Preco": 6.09,
        "Unidade_Info": "0.3 L | 20,3 €/L",
        "Categorias_GTM": "N/A",
        "Data_Coleta": "2025-06-01 02:19:58"
    },
    {
        "ID_Produto": "691744",
        "Categoria_Scraping": "higiene pessoal e beleza",
        "Nome": "Condicionador Gliss Intensivo Cabelos Secos",
        "Marca": "Schwarzkopf",
        "Preco": 2.79,
        "Unidade_Info": "0.2 L | 13,95 €/L",
        "Categorias_GTM": "Promoções, Poupe Esta Semana, Categoria Referência SFCC, Cabelo, Condicionador",
        "Data_Coleta": "2025-06-01 02:19:58"
    },
    {
        "ID_Produto": "859764",
        "Categoria_Scraping": "higiene pessoal e beleza",
        "Nome": "Condicionador Hidratação Intensa",
        "Marca": "Tresemmé",
        "Preco": 5.99,
        "Unidade_Info": "0.9 L | 6,66 €/L",
        "Categorias_GTM": "Cabelo, Condicionador, Higiene Pessoal e Beleza, Poupe Esta Semana, Promoções",
        "Data_Coleta": "2025-06-01 02:19:58"
    },
    {
        "ID_Produto": "982378",
        "Categoria_Scraping": "higiene pessoal e beleza",
        "Nome": "Condicionador Hidrata Coco",
        "Marca": "Herbal Care",
        "Preco": 3.99,
        "Unidade_Info": "0.25 L | 15,96 €/L",
        "Categorias_GTM": "Cabelo, Condicionador, Higiene Pessoal e Beleza, Promoções, Poupe Esta Semana",
        "Data_Coleta": "2025-06-01 02:19:58"
    },
    {
        "ID_Produto": "983954",
        "Categoria_Scraping": "higiene pessoal e beleza",
        "Nome": "Condicionador Intensivo Pro-V Active Nutri-Plex Miracle Caracóis",
        "Marca": "Pantene",
        "Preco": 4.94,
        "Unidade_Info": "0.22 L | 22,45 €/L",
        "Categorias_GTM": "Promoções, Cabelo, Condicionador, Higiene Pessoal e Beleza, Poupe Esta Semana",
        "Data_Coleta": "2025-06-01 02:19:58"
    },
    {
        "ID_Produto": "983923",
        "Categoria_Scraping": "higiene pessoal e beleza",
        "Nome": "Condicionador Intensivo Pro-V Active Nutri-Plex Miracle Caracóis Perfeitos",
        "Marca": "Pantene",
        "Preco": 3.94,
        "Unidade_Info": "0.275 L | 14,33 €/L",
        "Categorias_GTM": "Cabelo, Condicionador, Higiene Pessoal e Beleza, Promoções, Poupe Esta Semana",
        "Data_Coleta": "2025-06-01 02:19:58"
    },
    {
        "ID_Produto": "983957",
        "Categoria_Scraping": "higiene pessoal e beleza",
        "Nome": "Condicionador Intensivo Pro-V Active Nutri-Plex Miracle Repara e Protege",
        "Marca": "Pantene",
        "Preco": 4.94,
        "Unidade_Info": "0.22 L | 22,45 €/L",
        "Categorias_GTM": "Cabelo, Condicionador, Higiene Pessoal e Beleza, Promoções, Poupe Esta Semana",
        "Data_Coleta": "2025-06-01 02:20:08"
    },
    {
        "ID_Produto": "983955",
        "Categoria_Scraping": "higiene pessoal e beleza",
        "Nome": "Condicionador Intensivo Pro-V Active Nutri-Plex Miracle Suave e Liso",
        "Marca": "Pantene",
        "Preco": 4.94,
        "Unidade_Info": "0.22 L | 22,45 €/L",
        "Categorias_GTM": "Cabelo, Condicionador, Higiene Pessoal e Beleza, Promoções, Poupe Esta Semana",
        "Data_Coleta": "2025-06-01 02:20:08"
    },
    {
        "ID_Produto": "974744",
        "Categoria_Scraping": "higiene pessoal e beleza",
        "Nome": "Condicionador Keratin Smooth",
        "Marca": "Tresemmé",
        "Preco": 5.94,
        "Unidade_Info": "0.685 L | 8,67 €/L",
        "Categorias_GTM": "Promoções, Cabelo, Condicionador, Higiene Pessoal e Beleza, Poupe Esta Semana",
        "Data_Coleta": "2025-06-01 02:20:08"
    },
    {
        "ID_Produto": "976026",
        "Categoria_Scraping": "higiene pessoal e beleza",
        "Nome": "Condicionador Lamellar Shine",
        "Marca": "Tresemme",
        "Preco": 5.99,
        "Unidade_Info": "0.685 L | 8,74 €/L",
        "Categorias_GTM": "Promoções, Cabelo, Champô, Higiene Pessoal e Beleza, Poupe Esta Semana",
        "Data_Coleta": "2025-06-01 02:20:08"
    },
    {
        "ID_Produto": "846352",
        "Categoria_Scraping": "higiene pessoal e beleza",
        "Nome": "Condicionador Leite de Côco",
        "Marca": "Garnier",
        "Preco": 3.79,
        "Unidade_Info": "0.4 L | 9,48 €/L",
        "Categorias_GTM": "Categoria Referência SFCC, Poupe Esta Semana, Promoções, Cabelo, Condicionador",
        "Data_Coleta": "2025-06-01 02:20:08"
    },
    {
        "ID_Produto": "983924",
        "Categoria_Scraping": "higiene pessoal e beleza",
        "Nome": "Condicionador Pro-V Active Nutri-Plex Cuidado Clássico",
        "Marca": "Pantene",
        "Preco": 3.94,
        "Unidade_Info": "0.275 L | 14,33 €/L",
        "Categorias_GTM": "Cabelo, Condicionador, Higiene Pessoal e Beleza, Promoções, Poupe Esta Semana",
        "Data_Coleta": "2025-06-01 02:20:08"
    },
    {
        "ID_Produto": "983925",
        "Categoria_Scraping": "higiene pessoal e beleza",
        "Nome": "Condicionador Pro-V Active Nutri-Plex Longo Infinito",
        "Marca": "Pantene",
        "Preco": 3.94,
        "Unidade_Info": "0.275 L | 14,33 €/L",
        "Categorias_GTM": "Promoções, Cabelo, Condicionador, Higiene Pessoal e Beleza, Poupe Esta Semana",
        "Data_Coleta": "2025-06-01 02:20:08"
    },
    {
        "ID_Produto": "983922",
        "Categoria_Scraping": "higiene pessoal e beleza",
        "Nome": "Condicionador Pro-V Active Nutri-Plex Repara e Protege",
        "Marca": "Pantene",
        "Preco": 3.94,
        "Unidade_Info": "0.275 L | 14,33 €/L",
        "Categorias_GTM": "Cabelo, Condicionador, Higiene Pessoal e Beleza, Promoções, Poupe Esta Semana",
        "Data_Coleta": "2025-06-01 02:20:08"
    },
    {
        "ID_Produto": "983921",
        "Categoria_Scraping": "higiene pessoal e beleza",
        "Nome": "Condicionador Pro-V Active Nutri-Plex Suave e Liso",
        "Marca": "Pantene",
        "Preco": 3.94,
        "Unidade_Info": "0.275 L | 14,33 €/L",
        "Categorias_GTM": "Promoções, Cabelo, Champô, Higiene Pessoal e Beleza, Poupe Esta Semana",
        "Data_Coleta": "2025-06-01 02:20:08"
    },
    {
        "ID_Produto": "971093",
        "Categoria_Scraping": "higiene pessoal e beleza",
        "Nome": "Condicionador Pro-V Miracles Bond Repair",
        "Marca": "Pantene",
        "Preco": 6.94,
        "Unidade_Info": "0.16 L | 43,38 €/L",
        "Categorias_GTM": "Poupe Esta Semana, Promoções, Cabelo, Condicionador, Higiene Pessoal e Beleza",
        "Data_Coleta": "2025-06-01 02:20:08"
    },
    {
        "ID_Produto": "982393",
        "Categoria_Scraping": "higiene pessoal e beleza",
        "Nome": "Condicionador Repara Óleo de Argão",
        "Marca": "Herbal Care",
        "Preco": 3.99,
        "Unidade_Info": "0.25 L | 15,96 €/L",
        "Categorias_GTM": "Cabelo, Condicionador, Higiene Pessoal e Beleza, Promoções, Poupe Esta Semana",
        "Data_Coleta": "2025-06-01 02:20:08"
    },
    {
        "ID_Produto": "984422",
        "Categoria_Scraping": "higiene pessoal e beleza",
        "Nome": "Condicionador Suaviza Rosas",
        "Marca": "Herbal",
        "Preco": 3.99,
        "Unidade_Info": "0.25 L | 15,96 €/L",
        "Categorias_GTM": "Cabelo, Condicionador, Higiene Pessoal e Beleza, Promoções, Poupe Esta Semana",
        "Data_Coleta": "2025-06-01 02:20:08"
    },
    {
        "ID_Produto": "904093",
        "Categoria_Scraping": "higiene pessoal e beleza",
        "Nome": "Condicionador Total Repair",
        "Marca": "L'Oréal Paris",
        "Preco": 6.09,
        "Unidade_Info": "0.3 L | 20,3 €/L",
        "Categorias_GTM": "N/A",
        "Data_Coleta": "2025-06-01 02:20:18"
    },
    {
        "ID_Produto": "970409",
        "Categoria_Scraping": "higiene pessoal e beleza",
        "Nome": "Condicionador Ultra Suave Água de Arroz",
        "Marca": "Garnier",
        "Preco": 3.79,
        "Unidade_Info": "0.4 L | 9,48 €/L",
        "Categorias_GTM": "Poupe Esta Semana, Promoções, Cabelo, Condicionador, Higiene Pessoal e Beleza",
        "Data_Coleta": "2025-06-01 02:20:18"
    },
    {
        "ID_Produto": "955329",
        "Categoria_Scraping": "higiene pessoal e beleza",
        "Nome": "Condicionador Ultra Suave Carvão",
        "Marca": "Garnier",
        "Preco": 3.79,
        "Unidade_Info": "0.4 L | 9,48 €/L",
        "Categorias_GTM": "Categoria Referência SFCC, Poupe Esta Semana, Promoções, Cabelo, Condicionador",
        "Data_Coleta": "2025-06-01 02:20:18"
    },
    {
        "ID_Produto": "112568",
        "Categoria_Scraping": "higiene pessoal e beleza",
        "Nome": "Cotonetes para Bebé",
        "Marca": "Johnson's Baby",
        "Preco": 2.24,
        "Unidade_Info": "200 Un | 0,01 €/Un",
        "Categorias_GTM": "N/A",
        "Data_Coleta": "2025-06-01 02:20:18"
    },
    {
        "ID_Produto": "925071",
        "Categoria_Scraping": "higiene pessoal e beleza",
        "Nome": "CR DEPIL SENSIVEL ROSTO BODY NATUR 20ML",
        "Marca": "Body Natur",
        "Preco": 3.89,
        "Unidade_Info": "0.02 L | 194,5 €/L",
        "Categorias_GTM": "Categoria Referência SFCC, Corpo, Depilatórios, Higiene Pessoal e Beleza",
        "Data_Coleta": "2025-06-01 02:20:18"
    },
    {
        "ID_Produto": "893178",
        "Categoria_Scraping": "higiene pessoal e beleza",
        "Nome": "Creme Cabelo Men Expert InvisiControl",
        "Marca": "L'Oréal Paris",
        "Preco": 4.54,
        "Unidade_Info": "1 Un | 4,54 €/Un",
        "Categorias_GTM": "N/A",
        "Data_Coleta": "2025-06-01 02:20:18"
    },
    {
        "ID_Produto": "953003",
        "Categoria_Scraping": "higiene pessoal e beleza",
        "Nome": "Creme Cabelo Pro-V Caracóis Naturais",
        "Marca": "Pantene",
        "Preco": 7.99,
        "Unidade_Info": "0.235 L | 34 €/L",
        "Categorias_GTM": "Categoria Referência SFCC, Poupe Esta Semana, Cabelo, Higiene Pessoal e Beleza, Laca, Espuma e Outros",
        "Data_Coleta": "2025-06-01 02:20:18"
    },
    {
        "ID_Produto": "828733",
        "Categoria_Scraping": "higiene pessoal e beleza",
        "Nome": "Creme Care",
        "Marca": "Nivea",
        "Preco": 7.29,
        "Unidade_Info": "0.2 L | 36,45 €/L",
        "Categorias_GTM": "Categoria Referência SFCC, Corpo, Hidratação, Higiene Pessoal e Beleza",
        "Data_Coleta": "2025-06-01 02:20:18"
    },
    {
        "ID_Produto": "960742",
        "Categoria_Scraping": "higiene pessoal e beleza",
        "Nome": "Creme Contorno de Olhos Men Expert Power Age",
        "Marca": "L'Oréal Paris",
        "Preco": 13.99,
        "Unidade_Info": "0.015 L | 932,67 €/L",
        "Categorias_GTM": "N/A",
        "Data_Coleta": "2025-06-01 02:20:18"
    },
    {
        "ID_Produto": "37378",
        "Categoria_Scraping": "higiene pessoal e beleza",
        "Nome": "Creme Contorno dos Olhos Q10",
        "Marca": "Nivea",
        "Preco": 9.74,
        "Unidade_Info": "0.015 L | 649,33 €/L",
        "Categorias_GTM": "Anti Rugas e Refirmantes, Higiene Pessoal e Beleza, Rosto, Promoções, Poupe Esta Semana",
        "Data_Coleta": "2025-06-01 02:20:18"
    },
    {
        "ID_Produto": "959546",
        "Categoria_Scraping": "higiene pessoal e beleza",
        "Nome": "Creme Corpo Body Lotion Hidratante Aloe",
        "Marca": "Nivea",
        "Preco": 9.99,
        "Unidade_Info": "0.625 L | 15,98 €/L",
        "Categorias_GTM": "Corpo, Hidratação, Higiene Pessoal e Beleza, Categoria Referência SFCC",
        "Data_Coleta": "2025-06-01 02:20:18"
    },
    {
        "ID_Produto": "909304",
        "Categoria_Scraping": "higiene pessoal e beleza",
        "Nome": "Creme Corpo Hidratante",
        "Marca": "Soft&Co",
        "Preco": 5.99,
        "Unidade_Info": "0.5 L | 11,98 €/L",
        "Categorias_GTM": "Corpo, Hidratação, Higiene Pessoal e Beleza, Poupe Esta Semana, Promoções",
        "Data_Coleta": "2025-06-01 02:20:18"
    },
    {
        "ID_Produto": "931763",
        "Categoria_Scraping": "higiene pessoal e beleza",
        "Nome": "Creme Corpo Hidratante Silky",
        "Marca": "Dove",
        "Preco": 6.99,
        "Unidade_Info": "0.3 L | 23,3 €/L",
        "Categorias_GTM": "Categoria Referência SFCC, Corpo, Hidratação, Higiene Pessoal e Beleza",
        "Data_Coleta": "2025-06-01 02:20:29"
    },
    {
        "ID_Produto": "959068",
        "Categoria_Scraping": "higiene pessoal e beleza",
        "Nome": "Creme Corpo Hidratante Soft",
        "Marca": "Nivea",
        "Preco": 5.99,
        "Unidade_Info": "0.3 L | 19,97 €/L",
        "Categorias_GTM": "Corpo, Hidratação, Higiene Pessoal e Beleza, Categoria Referência SFCC",
        "Data_Coleta": "2025-06-01 02:20:29"
    },
    {
        "ID_Produto": "981239",
        "Categoria_Scraping": "higiene pessoal e beleza",
        "Nome": "Creme Corpo Repara & Cuida Sensitive",
        "Marca": "Nivea",
        "Preco": 6.99,
        "Unidade_Info": "0.4 L | 17,47 €/L",
        "Categorias_GTM": "Corpo, Hidratação, Higiene Pessoal e Beleza, Poupe Esta Semana, Promoções",
        "Data_Coleta": "2025-06-01 02:20:29"
    },
    {
        "ID_Produto": "981246",
        "Categoria_Scraping": "higiene pessoal e beleza",
        "Nome": "Creme Corpo Repara & Cuida Ureia",
        "Marca": "Nivea",
        "Preco": 7.79,
        "Unidade_Info": "0.4 L | 19,47 €/L",
        "Categorias_GTM": "Corpo, Hidratação, Higiene Pessoal e Beleza, Poupe Esta Semana, Promoções",
        "Data_Coleta": "2025-06-01 02:20:29"
    },
    {
        "ID_Produto": "821148",
        "Categoria_Scraping": "higiene pessoal e beleza",
        "Nome": "Creme de Barbear",
        "Marca": "Denim",
        "Preco": 2.29,
        "Unidade_Info": "0.1 L | 22,9 €/L",
        "Categorias_GTM": "Higiene Pessoal e Beleza, Homem, Rosto e Barba, Categoria Referência SFCC, Poupe Esta Semana",
        "Data_Coleta": "2025-06-01 02:20:29"
    },
    {
        "ID_Produto": "738641",
        "Categoria_Scraping": "higiene pessoal e beleza",
        "Nome": "Creme de Barbear Clássico",
        "Marca": "Palmolive",
        "Preco": 3.49,
        "Unidade_Info": "0.1 L | 34,9 €/L",
        "Categorias_GTM": "Categoria Referência SFCC, Higiene Pessoal e Beleza, Homem, Rosto e Barba",
        "Data_Coleta": "2025-06-01 02:20:29"
    },
    {
        "ID_Produto": "905619",
        "Categoria_Scraping": "higiene pessoal e beleza",
        "Nome": "Creme de Dia Anti-Rugas Active +65",
        "Marca": "L'Oréal Paris",
        "Preco": 10.99,
        "Unidade_Info": "0.115 L | 95,57 €/L",
        "Categorias_GTM": "N/A",
        "Data_Coleta": "2025-06-01 02:20:29"
    },
    {
        "ID_Produto": "810314",
        "Categoria_Scraping": "higiene pessoal e beleza",
        "Nome": "Creme de Dia Anti-Rugas Active 55+",
        "Marca": "L'Oréal Paris",
        "Preco": 10.99,
        "Unidade_Info": "0.015 L | 732,67 €/L",
        "Categorias_GTM": "N/A",
        "Data_Coleta": "2025-06-01 02:20:29"
    },
    {
        "ID_Produto": "528415",
        "Categoria_Scraping": "higiene pessoal e beleza",
        "Nome": "Creme de Dia Anti-Rugas Age Perfect",
        "Marca": "L'Oréal Paris",
        "Preco": 15.99,
        "Unidade_Info": "0.05 L | 319,8 €/L",
        "Categorias_GTM": "N/A",
        "Data_Coleta": "2025-06-01 02:20:29"
    },
    {
        "ID_Produto": "921472",
        "Categoria_Scraping": "higiene pessoal e beleza",
        "Nome": "Creme de Dia Cellular Luminous FP50",
        "Marca": "Nivea",
        "Preco": 17.54,
        "Unidade_Info": "0.04 L | 438,5 €/L",
        "Categorias_GTM": "Promoções, Poupe Esta Semana, Categoria Referência SFCC, Anti Rugas e Refirmantes, Higiene Pessoal e Beleza",
        "Data_Coleta": "2025-06-01 02:20:29"
    },
    {
        "ID_Produto": "878766",
        "Categoria_Scraping": "higiene pessoal e beleza",
        "Nome": "Creme de Dia Cellullar Filler Elastecidade",
        "Marca": "Nivea",
        "Preco": 16.24,
        "Unidade_Info": "0.05 L | 324,8 €/L",
        "Categorias_GTM": "Promoções, Anti Rugas e Refirmantes, Higiene Pessoal e Beleza, Rosto, Poupe Esta Semana",
        "Data_Coleta": "2025-06-01 02:20:29"
    },
    {
        "ID_Produto": "471967",
        "Categoria_Scraping": "higiene pessoal e beleza",
        "Nome": "Creme de Dia Expert 3D",
        "Marca": "Diadermine",
        "Preco": 11.29,
        "Unidade_Info": "0.05 L | 225,8 €/L",
        "Categorias_GTM": "Anti Rugas e Refirmantes, Higiene Pessoal e Beleza, Rosto, Categoria Referência SFCC, Poupe Este Fim De Semana",
        "Data_Coleta": "2025-06-01 02:20:29"
    },
    {
        "ID_Produto": "52591",
        "Categoria_Scraping": "higiene pessoal e beleza",
        "Nome": "Creme de Dia Hidratante Pele Seca",
        "Marca": "Diadermine",
        "Preco": 5.64,
        "Unidade_Info": "0.05 L | 112,8 €/L",
        "Categorias_GTM": "Hidratação, Higiene Pessoal e Beleza, Rosto, Categoria Referência SFCC, Poupe Este Fim De Semana",
        "Data_Coleta": "2025-06-01 02:20:39"
    },
    {
        "ID_Produto": "842839",
        "Categoria_Scraping": "higiene pessoal e beleza",
        "Nome": "Creme de Dia Lift+ Efeito Imediato",
        "Marca": "Diadermine",
        "Preco": 11.29,
        "Unidade_Info": "0.05 L | 225,8 €/L",
        "Categorias_GTM": "Categoria Referência SFCC, Anti Rugas e Refirmantes, Higiene Pessoal e Beleza, Rosto, Poupe Este Fim De Semana",
        "Data_Coleta": "2025-06-01 02:20:39"
    },
    {
        "ID_Produto": "982478",
        "Categoria_Scraping": "higiene pessoal e beleza",
        "Nome": "Creme de Dia Men Power Anti-Idade 2 em 1 FPS30",
        "Marca": "Nivea",
        "Preco": 14.99,
        "Unidade_Info": "0.05 L | 299,8 €/L",
        "Categorias_GTM": "Higiene Pessoal e Beleza, Rosto, Rosto e Barba, Promoções, Poupe Esta Semana",
        "Data_Coleta": "2025-06-01 02:20:39"
    },
    {
        "ID_Produto": "950638",
        "Categoria_Scraping": "higiene pessoal e beleza",
        "Nome": "Creme de Dia Nutritivo Pela Seca FP 15",
        "Marca": "Nivea",
        "Preco": 6.29,
        "Unidade_Info": "0.05 L | 125,8 €/L",
        "Categorias_GTM": "Categoria Referência SFCC, Hidratação, Higiene Pessoal e Beleza, Rosto",
        "Data_Coleta": "2025-06-01 02:20:39"
    },
    {
        "ID_Produto": "813737",
        "Categoria_Scraping": "higiene pessoal e beleza",
        "Nome": "Creme de Dia Perfect Golden Age",
        "Marca": "L'Oréal Paris",
        "Preco": 19.99,
        "Unidade_Info": "0.05 L | 399,8 €/L",
        "Categorias_GTM": "N/A",
        "Data_Coleta": "2025-06-01 02:20:39"
    },
    {
        "ID_Produto": "840524",
        "Categoria_Scraping": "higiene pessoal e beleza",
        "Nome": "Creme de Dia Rejuvenescedor",
        "Marca": "Diadermine",
        "Preco": 14.74,
        "Unidade_Info": "0.05 L | 294,8 €/L",
        "Categorias_GTM": "Categoria Referência SFCC, Anti Rugas e Refirmantes, Higiene Pessoal e Beleza, Rosto, Poupe Este Fim De Semana",
        "Data_Coleta": "2025-06-01 02:20:39"
    },
    {
        "ID_Produto": "497909",
        "Categoria_Scraping": "higiene pessoal e beleza",
        "Nome": "Creme de Dia Revitalift",
        "Marca": "L'Oréal Paris",
        "Preco": 14.99,
        "Unidade_Info": "0.05 L | 299,8 €/L",
        "Categorias_GTM": "N/A",
        "Data_Coleta": "2025-06-01 02:20:39"
    },
    {
        "ID_Produto": "763260",
        "Categoria_Scraping": "higiene pessoal e beleza",
        "Nome": "Creme de Dia Revitalift FPS 30",
        "Marca": "L'Oréal Paris",
        "Preco": 11.04,
        "Unidade_Info": "0.05 L | 220,8 €/L",
        "Categorias_GTM": "N/A",
        "Data_Coleta": "2025-06-01 02:20:39"
    },
    {
        "ID_Produto": "773100",
        "Categoria_Scraping": "higiene pessoal e beleza",
        "Nome": "Creme de Dia Revitallift Filler",
        "Marca": "L'Oréal Paris",
        "Preco": 25.99,
        "Unidade_Info": "0.05 L | 519,8 €/L",
        "Categorias_GTM": "N/A",
        "Data_Coleta": "2025-06-01 02:20:39"
    },
    {
        "ID_Produto": "845167",
        "Categoria_Scraping": "higiene pessoal e beleza",
        "Nome": "Creme de Mãos Intensivo",
        "Marca": "Nivea",
        "Preco": 4.49,
        "Unidade_Info": "0.1 L | 44,9 €/L",
        "Categorias_GTM": "Categoria Referência SFCC, Corpo, Hidratação, Higiene Pessoal e Beleza",
        "Data_Coleta": "2025-06-01 02:20:39"
    },
    {
        "ID_Produto": "955793",
        "Categoria_Scraping": "higiene pessoal e beleza",
        "Nome": "Creme de Mãos Protector Hidratante Aloe Vera",
        "Marca": "Nivea",
        "Preco": 2.99,
        "Unidade_Info": "0.1 L | 29,9 €/L",
        "Categorias_GTM": "Categoria Referência SFCC, Corpo, Hidratação, Higiene Pessoal e Beleza",
        "Data_Coleta": "2025-06-01 02:20:39"
    },
    {
        "ID_Produto": "733114",
        "Categoria_Scraping": "higiene pessoal e beleza",
        "Nome": "Creme de Noite Cellular Anti-Idade",
        "Marca": "Nivea",
        "Preco": 14.29,
        "Unidade_Info": "0.05 L | 285,8 €/L",
        "Categorias_GTM": "Poupe Esta Semana, Categoria Referência SFCC, Anti Rugas e Refirmantes, Higiene Pessoal e Beleza, Rosto",
        "Data_Coleta": "2025-06-01 02:20:39"
    },
    {
        "ID_Produto": "478998",
        "Categoria_Scraping": "higiene pessoal e beleza",
        "Nome": "Creme de Noite Revitalift",
        "Marca": "L'Oréal Paris",
        "Preco": 14.99,
        "Unidade_Info": "0.05 L | 299,8 €/L",
        "Categorias_GTM": "N/A",
        "Data_Coleta": "2025-06-01 02:20:48"
    },
    {
        "ID_Produto": "813181",
        "Categoria_Scraping": "higiene pessoal e beleza",
        "Nome": "Creme de Noite Revitalift Filler",
        "Marca": "L'Oréal Paris",
        "Preco": 25.99,
        "Unidade_Info": "0.05 L | 519,8 €/L",
        "Categorias_GTM": "N/A",
        "Data_Coleta": "2025-06-01 02:20:48"
    },
    {
        "ID_Produto": "746632",
        "Categoria_Scraping": "higiene pessoal e beleza",
        "Nome": "Creme de Noite Revitalift Laser X3",
        "Marca": "L'Oréal Paris",
        "Preco": 19.49,
        "Unidade_Info": "0.05 L | 389,8 €/L",
        "Categorias_GTM": "N/A",
        "Data_Coleta": "2025-06-01 02:20:48"
    },
    {
        "ID_Produto": "933290",
        "Categoria_Scraping": "higiene pessoal e beleza",
        "Nome": "Creme de Olhos Cellular Luminous",
        "Marca": "Nivea",
        "Preco": 17.54,
        "Unidade_Info": "0.015 L | 1169,33 €/L",
        "Categorias_GTM": "Promoções, Poupe Esta Semana, Categoria Referência SFCC, Anti Rugas e Refirmantes, Higiene Pessoal e Beleza",
        "Data_Coleta": "2025-06-01 02:20:48"
    },
    {
        "ID_Produto": "925682",
        "Categoria_Scraping": "higiene pessoal e beleza",
        "Nome": "Creme de Olhos Men Hyaluron Anti-Idade",
        "Marca": "Nivea",
        "Preco": 10.49,
        "Unidade_Info": "0.015 L | 699,33 €/L",
        "Categorias_GTM": "Promoções, Higiene Pessoal e Beleza, Rosto, Rosto e Barba, Poupe Esta Semana",
        "Data_Coleta": "2025-06-01 02:20:48"
    },
    {
        "ID_Produto": "822133",
        "Categoria_Scraping": "higiene pessoal e beleza",
        "Nome": "Creme de Pentear Abacate e Carité",
        "Marca": "Garnier",
        "Preco": 3.49,
        "Unidade_Info": "0.2 L | 17,45 €/L",
        "Categorias_GTM": "Categoria Referência SFCC, Cabelo, Higiene Pessoal e Beleza, Laca, Espuma e Outros, Poupe Este Fim De Semana",
        "Data_Coleta": "2025-06-01 02:20:48"
    },
    {
        "ID_Produto": "887540",
        "Categoria_Scraping": "higiene pessoal e beleza",
        "Nome": "Creme de Pentear Caracóis",
        "Marca": "Pantene",
        "Preco": 5.99,
        "Unidade_Info": "0.27 L | 22,19 €/L",
        "Categorias_GTM": "Cabelo, Higiene Pessoal e Beleza, Laca, Espuma e Outros, Poupe Esta Semana, Categoria Referência SFCC",
        "Data_Coleta": "2025-06-01 02:20:48"
    },
    {
        "ID_Produto": "858029",
        "Categoria_Scraping": "higiene pessoal e beleza",
        "Nome": "Creme de Pentear Elvive Dream Long",
        "Marca": "L'Oréal Paris",
        "Preco": 4.54,
        "Unidade_Info": "0.2 L | 22,7 €/L",
        "Categorias_GTM": "N/A",
        "Data_Coleta": "2025-06-01 02:20:48"
    },
    {
        "ID_Produto": "889290",
        "Categoria_Scraping": "higiene pessoal e beleza",
        "Nome": "Creme Depilatório Corpo Duche",
        "Marca": "Body Natur",
        "Preco": 5.19,
        "Unidade_Info": "0.2 L | 25,95 €/L",
        "Categorias_GTM": "Corpo, Depilatórios, Higiene Pessoal e Beleza, Categoria Referência SFCC",
        "Data_Coleta": "2025-06-01 02:20:48"
    },
    {
        "ID_Produto": "825153",
        "Categoria_Scraping": "higiene pessoal e beleza",
        "Nome": "Creme Depilatório Duche Pele Sensível",
        "Marca": "Veet",
        "Preco": 8.49,
        "Unidade_Info": "0.4 L | 21,23 €/L",
        "Categorias_GTM": "Promoções, Categoria Referência SFCC, Corpo, Depilatórios, Higiene Pessoal e Beleza",
        "Data_Coleta": "2025-06-01 02:20:48"
    },
    {
        "ID_Produto": "925613",
        "Categoria_Scraping": "higiene pessoal e beleza",
        "Nome": "Creme Depilatório Expert Axilas",
        "Marca": "Veet",
        "Preco": 5.94,
        "Unidade_Info": "0.1 L | 59,4 €/L",
        "Categorias_GTM": "Promoções, Corpo, Depilatórios, Higiene Pessoal e Beleza, Poupe Esta Semana",
        "Data_Coleta": "2025-06-01 02:20:48"
    },
    {
        "ID_Produto": "961039",
        "Categoria_Scraping": "higiene pessoal e beleza",
        "Nome": "Creme Depilatório Expert Corpo",
        "Marca": "Veet",
        "Preco": 7.34,
        "Unidade_Info": "0.2 L | 36,7 €/L",
        "Categorias_GTM": "Promoções, Poupe Esta Semana, Corpo, Depilatórios, Higiene Pessoal e Beleza",
        "Data_Coleta": "2025-06-01 02:20:48"
    },
    {
        "ID_Produto": "849676",
        "Categoria_Scraping": "higiene pessoal e beleza",
        "Nome": "Creme Depilatório Men Corpo Duche Pele Normal",
        "Marca": "Veet",
        "Preco": 7.34,
        "Unidade_Info": "0.15 L | 48,93 €/L",
        "Categorias_GTM": "Categoria Referência SFCC, Poupe Esta Semana, Corpo, Depilatórios, Higiene Pessoal e Beleza",
        "Data_Coleta": "2025-06-01 02:20:59"
    },
    {
        "ID_Produto": "849675",
        "Categoria_Scraping": "higiene pessoal e beleza",
        "Nome": "Creme Depilatório Men Pele Sensível",
        "Marca": "Veet",
        "Preco": 7.34,
        "Unidade_Info": "0.2 L | 36,7 €/L",
        "Categorias_GTM": "Categoria Referência SFCC, Poupe Esta Semana, Corpo, Depilatórios, Higiene Pessoal e Beleza",
        "Data_Coleta": "2025-06-01 02:20:59"
    },
    {
        "ID_Produto": "961040",
        "Categoria_Scraping": "higiene pessoal e beleza",
        "Nome": "Creme Depilatório Men Total Pro Corpo Pele Sensível",
        "Marca": "Veet",
        "Preco": 8.99,
        "Unidade_Info": "0.4 L | 22,48 €/L",
        "Categorias_GTM": "Promoções, Corpo, Depilatórios, Higiene Pessoal e Beleza, Poupe Esta Semana",
        "Data_Coleta": "2025-06-01 02:20:59"
    },
    {
        "ID_Produto": "942307",
        "Categoria_Scraping": "higiene pessoal e beleza",
        "Nome": "Creme Depilatório Men Total Pro Zona Íntima",
        "Marca": "Veet",
        "Preco": 5.94,
        "Unidade_Info": "1 Un | 5,94 €/Un",
        "Categorias_GTM": "Categoria Referência SFCC, Corpo, Depilatórios, Higiene Pessoal e Beleza, Poupe Esta Semana",
        "Data_Coleta": "2025-06-01 02:20:59"
    },
    {
        "ID_Produto": "505538",
        "Categoria_Scraping": "higiene pessoal e beleza",
        "Nome": "Creme Depilatório para Duche Pele Normal",
        "Marca": "Veet",
        "Preco": 6.99,
        "Unidade_Info": "0.15 L | 46,6 €/L",
        "Categorias_GTM": "Categoria Referência SFCC, Promoções, Corpo, Depilatórios, Higiene Pessoal e Beleza",
        "Data_Coleta": "2025-06-01 02:20:59"
    },
    {
        "ID_Produto": "613810",
        "Categoria_Scraping": "higiene pessoal e beleza",
        "Nome": "Creme Depilatório para Duche Pele Sensível",
        "Marca": "Veet",
        "Preco": 6.99,
        "Unidade_Info": "0.15 L | 46,6 €/L",
        "Categorias_GTM": "Poupe Esta Semana, Promoções, Categoria Referência SFCC, Corpo, Depilatórios",
        "Data_Coleta": "2025-06-01 02:20:59"
    },
    {
        "ID_Produto": "474687",
        "Categoria_Scraping": "higiene pessoal e beleza",
        "Nome": "Creme Depilatório para Homem Pele Normal",
        "Marca": "Veet",
        "Preco": 7.34,
        "Unidade_Info": "0.2 L | 36,7 €/L",
        "Categorias_GTM": "Corpo, Depilatórios, Higiene Pessoal e Beleza, Poupe Esta Semana, Categoria Referência SFCC",
        "Data_Coleta": "2025-06-01 02:20:59"
    },
    {
        "ID_Produto": "667205",
        "Categoria_Scraping": "higiene pessoal e beleza",
        "Nome": "Creme Depilatório para Pele Normal",
        "Marca": "Veet",
        "Preco": 6.99,
        "Unidade_Info": "0.2 L | 34,95 €/L",
        "Categorias_GTM": "Categoria Referência SFCC, Promoções, Poupe Esta Semana, Corpo, Depilatórios",
        "Data_Coleta": "2025-06-01 02:20:59"
    },
    {
        "ID_Produto": "667207",
        "Categoria_Scraping": "higiene pessoal e beleza",
        "Nome": "Creme Depilatório para Pele Sensível",
        "Marca": "Veet",
        "Preco": 6.99,
        "Unidade_Info": "0.2 L | 34,95 €/L",
        "Categorias_GTM": "Categoria Referência SFCC, Poupe Esta Semana, Corpo, Depilatórios, Higiene Pessoal e Beleza",
        "Data_Coleta": "2025-06-01 02:20:59"
    },
    {
        "ID_Produto": "972937",
        "Categoria_Scraping": "higiene pessoal e beleza",
        "Nome": "Creme de Rosto, Mãos e Corpo Hidratante Men",
        "Marca": "Nivea",
        "Preco": 4.14,
        "Unidade_Info": "0.075 L | 55,2 €/L",
        "Categorias_GTM": "Higiene Pessoal e Beleza, Rosto, Rosto e Barba, Poupe Esta Semana, Promoções",
        "Data_Coleta": "2025-06-01 02:20:59"
    },
    {
        "ID_Produto": "968580",
        "Categoria_Scraping": "higiene pessoal e beleza",
        "Nome": "Creme de Rosto com Bakuchiol",
        "Marca": "Be Beauty",
        "Preco": 5.99,
        "Unidade_Info": "0.05 L | 119,8 €/L",
        "Categorias_GTM": "Hidratação, Higiene Pessoal e Beleza, Rosto, As Nossas Marcas, Be Beauty",
        "Data_Coleta": "2025-06-01 02:20:59"
    },
    {
        "ID_Produto": "949782",
        "Categoria_Scraping": "higiene pessoal e beleza",
        "Nome": "Creme de Rosto de Dia Hidratante Pele Normal",
        "Marca": "Nivea",
        "Preco": 6.29,
        "Unidade_Info": "0.05 L | 125,8 €/L",
        "Categorias_GTM": "Categoria Referência SFCC, Hidratação, Higiene Pessoal e Beleza, Rosto",
        "Data_Coleta": "2025-06-01 02:20:59"
    },
    {
        "ID_Produto": "939413",
        "Categoria_Scraping": "higiene pessoal e beleza",
        "Nome": "Creme de Rosto Dia Age Perfect Cellular FPS 30",
        "Marca": "L'Oréal Paris",
        "Preco": 20.99,
        "Unidade_Info": "0.05 L | 419,8 €/L",
        "Categorias_GTM": "N/A",
        "Data_Coleta": "2025-06-01 02:21:10"
    },
    {
        "ID_Produto": "871423",
        "Categoria_Scraping": "higiene pessoal e beleza",
        "Nome": "Creme de Rosto Dia Age Perfect FPS 20",
        "Marca": "L'Oréal Paris",
        "Preco": 13.99,
        "Unidade_Info": "0.05 L | 279,8 €/L",
        "Categorias_GTM": "N/A",
        "Data_Coleta": "2025-06-01 02:21:10"
    },
    {
        "ID_Produto": "971186",
        "Categoria_Scraping": "higiene pessoal e beleza",
        "Nome": "Creme de Rosto Dia Antirrugas 55+",
        "Marca": "Nivea",
        "Preco": 9.99,
        "Unidade_Info": "0.05 L | 199,8 €/L",
        "Categorias_GTM": "Anti Rugas e Refirmantes, Higiene Pessoal e Beleza, Rosto, Categoria Referência SFCC",
        "Data_Coleta": "2025-06-01 02:21:10"
    },
    {
        "ID_Produto": "956096",
        "Categoria_Scraping": "higiene pessoal e beleza",
        "Nome": "Creme de Rosto Dia Jelly Aloe Hialurónico",
        "Marca": "Garnier",
        "Preco": 6.49,
        "Unidade_Info": "0.05 L | 129,8 €/L",
        "Categorias_GTM": "Higiene Pessoal e Beleza, Rosto, Categoria Referência SFCC, Poupe Esta Semana, Promoções",
        "Data_Coleta": "2025-06-01 02:21:10"
    },
    {
        "ID_Produto": "956094",
        "Categoria_Scraping": "higiene pessoal e beleza",
        "Nome": "Creme de Rosto Dia Revitalift Clinical Vitamina C FPS 50",
        "Marca": "Revitalift",
        "Preco": 17.99,
        "Unidade_Info": "0.05 L | 359,8 €/L",
        "Categorias_GTM": "Hidratação, Higiene Pessoal e Beleza, Rosto, Categoria Referência SFCC, Poupe Este Fim De Semana",
        "Data_Coleta": "2025-06-01 02:21:10"
    },
    {
        "ID_Produto": "923955",
        "Categoria_Scraping": "higiene pessoal e beleza",
        "Nome": "Creme de Rosto Dia Revitalift Filler FPS 50",
        "Marca": "L'Oréal Paris",
        "Preco": 18.19,
        "Unidade_Info": "0.05 L | 363,8 €/L",
        "Categorias_GTM": "N/A",
        "Data_Coleta": "2025-06-01 02:21:10"
    },
    {
        "ID_Produto": "837888",
        "Categoria_Scraping": "higiene pessoal e beleza",
        "Nome": "Creme de Rosto Dia Revitalift Laser FPS 20",
        "Marca": "L'Oréal Paris",
        "Preco": 19.49,
        "Unidade_Info": "0.05 L | 389,8 €/L",
        "Categorias_GTM": "N/A",
        "Data_Coleta": "2025-06-01 02:21:10"
    },
    {
        "ID_Produto": "957376",
        "Categoria_Scraping": "higiene pessoal e beleza",
        "Nome": "Creme de Rosto Dia Revitalift Laser Intensivo 40+",
        "Marca": "L'Oréal Paris",
        "Preco": 19.49,
        "Unidade_Info": "0.05 L | 389,8 €/L",
        "Categorias_GTM": "N/A",
        "Data_Coleta": "2025-06-01 02:21:10"
    },
    {
        "ID_Produto": "939417",
        "Categoria_Scraping": "higiene pessoal e beleza",
        "Nome": "Creme de Rosto Hidratante Vitamina C",
        "Marca": "Garnier",
        "Preco": 6.49,
        "Unidade_Info": "1 Un | 6,49 €/Un",
        "Categorias_GTM": "Hidratação, Higiene Pessoal e Beleza, Rosto, Categoria Referência SFCC, Poupe Este Fim De Semana",
        "Data_Coleta": "2025-06-01 02:21:10"
    },
    {
        "ID_Produto": "939696",
        "Categoria_Scraping": "higiene pessoal e beleza",
        "Nome": "Creme de Rosto Matificante com Tea Tree Oil",
        "Marca": "Be Beauty",
        "Preco": 3.89,
        "Unidade_Info": "0.05 L | 77,8 €/L",
        "Categorias_GTM": "Hidratação, Higiene Pessoal e Beleza, Rosto, Categoria Referência SFCC, Poupe Esta Semana",
        "Data_Coleta": "2025-06-01 02:21:10"
    },
    {
        "ID_Produto": "987767",
        "Categoria_Scraping": "higiene pessoal e beleza",
        "Nome": "Creme de Rosto Men Hyaluron Anti-Idade FPS15",
        "Marca": "Nivea",
        "Preco": 10.94,
        "Unidade_Info": "0.05 L | 218,8 €/L",
        "Categorias_GTM": "Promoções, Higiene Pessoal e Beleza, Rosto, Rosto e Barba, Poupe Esta Semana",
        "Data_Coleta": "2025-06-01 02:21:10"
    },
    {
        "ID_Produto": "987831",
        "Categoria_Scraping": "higiene pessoal e beleza",
        "Nome": "Creme de Rosto Men Hyaluron Anti-Idade FPS15",
        "Marca": "Nivea",
        "Preco": 10.94,
        "Unidade_Info": "0.05 L | 218,8 €/L",
        "Categorias_GTM": "Higiene Pessoal e Beleza, Rosto, Rosto e Barba, Promoções, Poupe Esta Semana",
        "Data_Coleta": "2025-06-01 02:21:10"
    },
    {
        "ID_Produto": "952773",
        "Categoria_Scraping": "higiene pessoal e beleza",
        "Nome": "Creme de Rosto Men Protect&Care Hidratante",
        "Marca": "Nivea",
        "Preco": 7.49,
        "Unidade_Info": "0.075 L | 99,87 €/L",
        "Categorias_GTM": "Categoria Referência SFCC, Poupe Esta Semana, Promoções, Higiene Pessoal e Beleza, Rosto",
        "Data_Coleta": "2025-06-01 02:21:21"
    },
    {
        "ID_Produto": "987770",
        "Categoria_Scraping": "higiene pessoal e beleza",
        "Nome": "Creme de Rosto Men Q10 Revitalizante",
        "Marca": "Nivea",
        "Preco": 9.74,
        "Unidade_Info": "0.05 L | 194,8 €/L",
        "Categorias_GTM": "Promoções, Higiene Pessoal e Beleza, Rosto, Rosto e Barba, Poupe Esta Semana",
        "Data_Coleta": "2025-06-01 02:21:21"
    },
    {
        "ID_Produto": "977957",
        "Categoria_Scraping": "higiene pessoal e beleza",
        "Nome": "Creme de Rosto Men Sensitive Hidratante",
        "Marca": "Nivea",
        "Preco": 7.79,
        "Unidade_Info": "0.075 L | 103,87 €/L",
        "Categorias_GTM": "Higiene Pessoal e Beleza, Rosto, Rosto e Barba, Poupe Esta Semana, Promoções",
        "Data_Coleta": "2025-06-01 02:21:21"
    },
    {
        "ID_Produto": "969240",
        "Categoria_Scraping": "higiene pessoal e beleza",
        "Nome": "Creme de Rosto Noite Lift+ Nutritivo Diadermine",
        "Marca": "Diadermine",
        "Preco": 11.29,
        "Unidade_Info": "0.05 L | 225,8 €/L",
        "Categorias_GTM": "Anti Rugas e Refirmantes, Higiene Pessoal e Beleza, Rosto, Categoria Referência SFCC, Poupe Este Fim De Semana",
        "Data_Coleta": "2025-06-01 02:21:21"
    },
    {
        "ID_Produto": "703056",
        "Categoria_Scraping": "higiene pessoal e beleza",
        "Nome": "Creme de Rosto Noite Q10",
        "Marca": "Nivea",
        "Preco": 9.74,
        "Unidade_Info": "0.5 L | 19,48 €/L",
        "Categorias_GTM": "Categoria Referência SFCC, Promoções, Anti Rugas e Refirmantes, Higiene Pessoal e Beleza, Rosto",
        "Data_Coleta": "2025-06-01 02:21:21"
    },
    {
        "ID_Produto": "882437",
        "Categoria_Scraping": "higiene pessoal e beleza",
        "Nome": "Creme de Rosto Nutritivo FPS30",
        "Marca": "Nivea",
        "Preco": 9.39,
        "Unidade_Info": "0.05 L | 187,8 €/L",
        "Categorias_GTM": "Hidratação, Higiene Pessoal e Beleza, Rosto, Categoria Referência SFCC",
        "Data_Coleta": "2025-06-01 02:21:21"
    },
    {
        "ID_Produto": "894234",
        "Categoria_Scraping": "higiene pessoal e beleza",
        "Nome": "Creme de Rosto Q10 Power Extra Nutrition",
        "Marca": "Nivea",
        "Preco": 10.94,
        "Unidade_Info": "0.05 L | 218,8 €/L",
        "Categorias_GTM": "Poupe Esta Semana, Categoria Referência SFCC, Anti Rugas e Refirmantes, Higiene Pessoal e Beleza, Rosto",
        "Data_Coleta": "2025-06-01 02:21:21"
    },
    {
        "ID_Produto": "878444",
        "Categoria_Scraping": "higiene pessoal e beleza",
        "Nome": "Creme Dia Active Anti Rugas 45+",
        "Marca": "L'Oréal Paris",
        "Preco": 10.99,
        "Unidade_Info": "0.05 L | 219,8 €/L",
        "Categorias_GTM": "N/A",
        "Data_Coleta": "2025-06-01 02:21:21"
    },
    {
        "ID_Produto": "7416",
        "Categoria_Scraping": "higiene pessoal e beleza",
        "Nome": "Creme Dia Dupla Ação",
        "Marca": "Diadermine",
        "Preco": 8.49,
        "Unidade_Info": "0.05 L | 169,8 €/L",
        "Categorias_GTM": "Categoria Referência SFCC, Anti Rugas e Refirmantes, Higiene Pessoal e Beleza, Rosto, Poupe Esta Semana",
        "Data_Coleta": "2025-06-01 02:21:21"
    },
    {
        "ID_Produto": "893864",
        "Categoria_Scraping": "higiene pessoal e beleza",
        "Nome": "Creme Dia Q10",
        "Marca": "Nivea",
        "Preco": 9.74,
        "Unidade_Info": "0.05 L | 194,8 €/L",
        "Categorias_GTM": "Poupe Esta Semana, Categoria Referência SFCC, Anti Rugas e Refirmantes, Higiene Pessoal e Beleza, Rosto",
        "Data_Coleta": "2025-06-01 02:21:21"
    },
    {
        "ID_Produto": "879276",
        "Categoria_Scraping": "higiene pessoal e beleza",
        "Nome": "Creme Dia Revitalift Clássico Ginseng",
        "Marca": "L'Oréal Paris",
        "Preco": 16.99,
        "Unidade_Info": "0.05 L | 339,8 €/L",
        "Categorias_GTM": "N/A",
        "Data_Coleta": "2025-06-01 02:21:21"
    },
    {
        "ID_Produto": "474002",
        "Categoria_Scraping": "higiene pessoal e beleza",
        "Nome": "Creme em Lata Hidratante Intensivo",
        "Marca": "Dove",
        "Preco": 3.99,
        "Unidade_Info": "0.15 L | 26,6 €/L",
        "Categorias_GTM": "Corpo, Hidratação, Higiene Pessoal e Beleza, Categoria Referência SFCC",
        "Data_Coleta": "2025-06-01 02:21:21"
    },
    {
        "ID_Produto": "776892",
        "Categoria_Scraping": "higiene pessoal e beleza",
        "Nome": "Creme Exfoliante Peles Normais",
        "Marca": "Bioten",
        "Preco": 3.49,
        "Unidade_Info": "0.15 L | 23,27 €/L",
        "Categorias_GTM": "Higiene Pessoal e Beleza, Limpeza, Rosto, Poupe Esta Semana, Categoria Referência SFCC",
        "Data_Coleta": "2025-06-01 02:21:31"
    },
    {
        "ID_Produto": "990158",
        "Categoria_Scraping": "higiene pessoal e beleza",
        "Nome": "Creme Facial Colagénio de Acácia",
        "Marca": "Be Beauty",
        "Preco": 5.99,
        "Unidade_Info": "0.05 L | 119,8 €/L",
        "Categorias_GTM": "As Nossas Marcas, Be Beauty, Hidratação, Higiene Pessoal e Beleza, Rosto",
        "Data_Coleta": "2025-06-01 02:21:31"
    },
    {
        "ID_Produto": "971511",
        "Categoria_Scraping": "higiene pessoal e beleza",
        "Nome": "Creme Fixador Próteses Dentárias Forte",
        "Marca": "Polident",
        "Preco": 8.69,
        "Unidade_Info": "0.077 Kg | 112,86 €/Kg",
        "Categorias_GTM": "Cuidados para Próteses, Higiene Oral, Higiene Pessoal e Beleza, Categoria Referência SFCC",
        "Data_Coleta": "2025-06-01 02:21:31"
    },
    {
        "ID_Produto": "971515",
        "Categoria_Scraping": "higiene pessoal e beleza",
        "Nome": "Creme Fixador Próteses Dentárias sem Sabor",
        "Marca": "Polident",
        "Preco": 5.49,
        "Unidade_Info": "0.044 Kg | 124,77 €/Kg",
        "Categorias_GTM": "Cuidados para Próteses, Higiene Oral, Higiene Pessoal e Beleza, Categoria Referência SFCC",
        "Data_Coleta": "2025-06-01 02:21:31"
    },
    {
        "ID_Produto": "971512",
        "Categoria_Scraping": "higiene pessoal e beleza",
        "Nome": "Creme Fixador Próteses Dentárias sem Sabor",
        "Marca": "Polident",
        "Preco": 8.69,
        "Unidade_Info": "0.077 Kg | 112,86 €/Kg",
        "Categorias_GTM": "Cuidados para Próteses, Higiene Oral, Higiene Pessoal e Beleza, Categoria Referência SFCC",
        "Data_Coleta": "2025-06-01 02:21:31"
    },
    {
        "ID_Produto": "990832",
        "Categoria_Scraping": "higiene pessoal e beleza",
        "Nome": "Creme Fuído Q10 UV FP50",
        "Marca": "Nivea",
        "Preco": 12.34,
        "Unidade_Info": "0.04 L | 308,5 €/L",
        "Categorias_GTM": "Hidratação, Higiene Pessoal e Beleza, Promoções, Rosto, Poupe Esta Semana",
        "Data_Coleta": "2025-06-01 02:21:31"
    },
    {
        "ID_Produto": "907387",
        "Categoria_Scraping": "higiene pessoal e beleza",
        "Nome": "Creme Gordo",
        "Marca": "Vaseline",
        "Preco": 9.99,
        "Unidade_Info": "0.25 L | 39,96 €/L",
        "Categorias_GTM": "Corpo, Hidratação, Higiene Pessoal e Beleza, Categoria Referência SFCC",
        "Data_Coleta": "2025-06-01 02:21:31"
    },
    {
        "ID_Produto": "868526",
        "Categoria_Scraping": "higiene pessoal e beleza",
        "Nome": "Creme Hidrantante Corpo",
        "Marca": "Soft&Co",
        "Preco": 9.99,
        "Unidade_Info": "1 L | 9,99 €/L",
        "Categorias_GTM": "Corpo, Hidratação, Poupe Esta Semana, Promoções, Categoria Referência SFCC",
        "Data_Coleta": "2025-06-01 02:21:31"
    },
    {
        "ID_Produto": "917571",
        "Categoria_Scraping": "higiene pessoal e beleza",
        "Nome": "Creme Hidratante",
        "Marca": "Biocare Cosmetics",
        "Preco": 4.99,
        "Unidade_Info": "0.4 L | 12,48 €/L",
        "Categorias_GTM": "Categoria Referência SFCC, Corpo, Hidratação, Higiene Pessoal e Beleza",
        "Data_Coleta": "2025-06-01 02:21:31"
    },
    {
        "ID_Produto": "811526",
        "Categoria_Scraping": "higiene pessoal e beleza",
        "Nome": "Creme Hidratante",
        "Marca": "Biocare Cosmetics",
        "Preco": 12.99,
        "Unidade_Info": "1 Kg | 12,99 €/Kg",
        "Categorias_GTM": "Categoria Referência SFCC, Corpo, Hidratação, Higiene Pessoal e Beleza",
        "Data_Coleta": "2025-06-01 02:21:31"
    },
    {
        "ID_Produto": "822683",
        "Categoria_Scraping": "higiene pessoal e beleza",
        "Nome": "Creme Hidratante Cellular Filler FP30",
        "Marca": "Nivea",
        "Preco": 14.94,
        "Unidade_Info": "0.05 L | 298,8 €/L",
        "Categorias_GTM": "Poupe Esta Semana, Hidratação, Higiene Pessoal e Beleza, Rosto, Promoções",
        "Data_Coleta": "2025-06-01 02:21:31"
    },
    {
        "ID_Produto": "813820",
        "Categoria_Scraping": "higiene pessoal e beleza",
        "Nome": "Creme Hidratante Corpo Cacau",
        "Marca": "Nivea",
        "Preco": 6.59,
        "Unidade_Info": "0.25 L | 26,36 €/L",
        "Categorias_GTM": "Categoria Referência SFCC, Corpo, Hidratação, Higiene Pessoal e Beleza",
        "Data_Coleta": "2025-06-01 02:21:31"
    },
    {
        "ID_Produto": "905140",
        "Categoria_Scraping": "casa",
        "Nome": "Palitos Grandes Red Fapilor",
        "Marca": "Fapilor",
        "Preco": 0.79,
        "Unidade_Info": "N/A",
        "Categorias_GTM": "Casa, Artigos de Festa e Descartáveis, Categoria Referência SFCC",
        "Data_Coleta": "2025-06-01 02:21:54"
    },
    {
        "ID_Produto": "882204",
        "Categoria_Scraping": "casa",
        "Nome": "Inseticida Anti-Traça Bolsinha Lavanda",
        "Marca": "Raid",
        "Preco": 2.99,
        "Unidade_Info": "1 Un | 2,99 €/Un",
        "Categorias_GTM": "Casa, Inseticidas, Poupe Esta Semana, Promoções, Categoria Referência SFCC",
        "Data_Coleta": "2025-06-01 02:21:54"
    },
    {
        "ID_Produto": "753001",
        "Categoria_Scraping": "casa",
        "Nome": "Abrasivo Creme Ativo",
        "Marca": "Cif",
        "Preco": 2.69,
        "Unidade_Info": "0.7 L | 3,84 €/L",
        "Categorias_GTM": "Abrasivos, Casa, Limpeza da Casa, Poupe Esta Semana, Categoria Referência SFCC",
        "Data_Coleta": "2025-06-01 02:21:54"
    },
    {
        "ID_Produto": "766183",
        "Categoria_Scraping": "casa",
        "Nome": "Recarga Ambientador Automático Lavanda",
        "Marca": "Glade",
        "Preco": 5.19,
        "Unidade_Info": "0.538 L | 9,65 €/L",
        "Categorias_GTM": "Ambientadores, Ambientadores, Casa, Poupe Esta Semana, Promoções",
        "Data_Coleta": "2025-06-01 02:21:54"
    },
    {
        "ID_Produto": "930383",
        "Categoria_Scraping": "casa",
        "Nome": "Garfos de Madeira",
        "Marca": "Pingo Doce",
        "Preco": 0.99,
        "Unidade_Info": "10 Un | 0,1 €/Un",
        "Categorias_GTM": "As Nossas Marcas, Pingo Doce, Casa, Artigos de Festa e Descartáveis, Categoria Referência SFCC",
        "Data_Coleta": "2025-06-01 02:21:54"
    },
    {
        "ID_Produto": "916055",
        "Categoria_Scraping": "casa",
        "Nome": "LED Stand 60W E27 Quente",
        "Marca": "Philips",
        "Preco": 4.29,
        "Unidade_Info": "N/A",
        "Categorias_GTM": "Casa, Pilhas e Lâmpadas, Categoria Referência SFCC",
        "Data_Coleta": "2025-06-01 02:21:54"
    },
    {
        "ID_Produto": "734876",
        "Categoria_Scraping": "casa",
        "Nome": "Espanador Agarra Pó + 5 Recargas",
        "Marca": "Ultra",
        "Preco": 2.69,
        "Unidade_Info": "1 Un | 2,69 €/Un",
        "Categorias_GTM": "As Nossas Marcas, Ultra, Categoria Referência SFCC, Acessórios, Casa",
        "Data_Coleta": "2025-06-01 02:21:54"
    },
    {
        "ID_Produto": "739595",
        "Categoria_Scraping": "casa",
        "Nome": "Tira Nódoas Gel Gold Power",
        "Marca": "Vanish",
        "Preco": 3.99,
        "Unidade_Info": "0.2 L | 19,95 €/L",
        "Categorias_GTM": "Categoria Referência SFCC, Aditivos, Casa, Roupa, Promoções",
        "Data_Coleta": "2025-06-01 02:21:54"
    },
    {
        "ID_Produto": "920427",
        "Categoria_Scraping": "casa",
        "Nome": "Pilha AAA Plus",
        "Marca": "Duracell",
        "Preco": 8.99,
        "Unidade_Info": "N/A",
        "Categorias_GTM": "Casa, Pilhas e Lâmpadas, Categoria Referência SFCC",
        "Data_Coleta": "2025-06-01 02:21:54"
    },
    {
        "ID_Produto": "916042",
        "Categoria_Scraping": "casa",
        "Nome": "Fita de Luz Kit Inicial 2 Metros",
        "Marca": "Philips",
        "Preco": 44.99,
        "Unidade_Info": "N/A",
        "Categorias_GTM": "Casa, Pilhas e Lâmpadas, Categoria Referência SFCC",
        "Data_Coleta": "2025-06-01 02:21:54"
    },
    {
        "ID_Produto": "616653",
        "Categoria_Scraping": "casa",
        "Nome": "Limpa Máquinas da Loiça Limão",
        "Marca": "Finish",
        "Preco": 3.89,
        "Unidade_Info": "0.25 L | 15,56 €/L",
        "Categorias_GTM": "Promoções, Categoria Referência SFCC, Casa, Detergente Máquina, Loiça",
        "Data_Coleta": "2025-06-01 02:21:54"
    },
    {
        "ID_Produto": "769791",
        "Categoria_Scraping": "casa",
        "Nome": "Super Cola 3 Power Flex",
        "Marca": "Loctite",
        "Preco": 5.99,
        "Unidade_Info": "1 Un | 5,99 €/Un",
        "Categorias_GTM": "Categoria Referência SFCC, Bricolagem, Casa",
        "Data_Coleta": "2025-06-01 02:21:54"
    },
    {
        "ID_Produto": "715803",
        "Categoria_Scraping": "casa",
        "Nome": "Bloco Sanitário Discos Activo Lavanda",
        "Marca": "Pato",
        "Preco": 2.34,
        "Unidade_Info": "1 Un | 2,34 €/Un",
        "Categorias_GTM": "Poupe Esta Semana, Categoria Referência SFCC, Limpeza da Casa, Blocos Sanitários, Casa",
        "Data_Coleta": "2025-06-01 02:22:08"
    },
    {
        "ID_Produto": "720680",
        "Categoria_Scraping": "casa",
        "Nome": "Esfregão Fibra Verde",
        "Marca": "Ultra",
        "Preco": 0.49,
        "Unidade_Info": "3 Un | 0,16 €/Un",
        "Categorias_GTM": "Categoria Referência SFCC, Acessórios, Casa, Limpeza da Casa, As Nossas Marcas",
        "Data_Coleta": "2025-06-01 02:22:08"
    },
    {
        "ID_Produto": "827108",
        "Categoria_Scraping": "casa",
        "Nome": "Amaciador Roupa Lavanda",
        "Marca": "Ultra",
        "Preco": 1.85,
        "Unidade_Info": "80 Dos | 0,02 €/Dos",
        "Categorias_GTM": "As Nossas Marcas, Ultra, Categoria Referência SFCC, Amaciador, Casa",
        "Data_Coleta": "2025-06-01 02:22:08"
    },
    {
        "ID_Produto": "827034",
        "Categoria_Scraping": "casa",
        "Nome": "Recarga Esfregona Turbo 2 em 1",
        "Marca": "Vileda",
        "Preco": 8.99,
        "Unidade_Info": "1 Un | 8,99 €/Un",
        "Categorias_GTM": "Categoria Referência SFCC, Acessórios, Casa, Limpeza da Casa",
        "Data_Coleta": "2025-06-01 02:22:08"
    },
    {
        "ID_Produto": "829087",
        "Categoria_Scraping": "casa",
        "Nome": "Bloco Sanitário Poder Ativo Lavanda",
        "Marca": "Bref Sonasol",
        "Preco": 2.99,
        "Unidade_Info": "1 Un | 2,99 €/Un",
        "Categorias_GTM": "Promoções, Categoria Referência SFCC, Blocos Sanitários, Casa, Limpeza da Casa",
        "Data_Coleta": "2025-06-01 02:22:08"
    },
    {
        "ID_Produto": "272369",
        "Categoria_Scraping": "casa",
        "Nome": "Saquetas para Ambientador",
        "Marca": "Comfort",
        "Preco": 3.99,
        "Unidade_Info": "3 L | 1,33 €/L",
        "Categorias_GTM": "Ambientadores, Ambientadores, Casa, Categoria Referência SFCC",
        "Data_Coleta": "2025-06-01 02:22:08"
    },
    {
        "ID_Produto": "981631",
        "Categoria_Scraping": "casa",
        "Nome": "Vela Aniversário Nº9",
        "Marca": "Pingo Doce",
        "Preco": 0.99,
        "Unidade_Info": "1 Un | 0,99 €/Un",
        "Categorias_GTM": "As Nossas Marcas, Pingo Doce, Casa, Artigos de Festa e Descartáveis, Categoria Referência SFCC",
        "Data_Coleta": "2025-06-01 02:22:08"
    },
    {
        "ID_Produto": "403548",
        "Categoria_Scraping": "casa",
        "Nome": "Ambientador Máquina de Loiça  Lima e Limão",
        "Marca": "Finish",
        "Preco": 3.49,
        "Unidade_Info": "1 Un | 3,49 €/Un",
        "Categorias_GTM": "Casa, Detergente Máquina, Loiça, Poupe Esta Semana, Promoções",
        "Data_Coleta": "2025-06-01 02:22:08"
    },
    {
        "ID_Produto": "474451",
        "Categoria_Scraping": "casa",
        "Nome": "Esfregão Salva Unhas 2+1",
        "Marca": "Scotch-Brite",
        "Preco": 1.99,
        "Unidade_Info": "2 Un | 1 €/Un",
        "Categorias_GTM": "Categoria Referência SFCC, Acessórios, Casa, Limpeza da Casa",
        "Data_Coleta": "2025-06-01 02:22:08"
    },
    {
        "ID_Produto": "933271",
        "Categoria_Scraping": "casa",
        "Nome": "Ambientador Absorve Odores Algodão Fresco",
        "Marca": "Ambipur",
        "Preco": 2.49,
        "Unidade_Info": "1 Un | 2,49 €/Un",
        "Categorias_GTM": "Promoções, Ambientadores, Ambientadores, Casa, Poupe Esta Semana",
        "Data_Coleta": "2025-06-01 02:22:08"
    },
    {
        "ID_Produto": "981626",
        "Categoria_Scraping": "casa",
        "Nome": "Vela Aniversário Nº4",
        "Marca": "Pingo Doce",
        "Preco": 0.99,
        "Unidade_Info": "1 Un | 0,99 €/Un",
        "Categorias_GTM": "As Nossas Marcas, Pingo Doce, Casa, Artigos de Festa e Descartáveis, Categoria Referência SFCC",
        "Data_Coleta": "2025-06-01 02:22:08"
    },
    {
        "ID_Produto": "732549",
        "Categoria_Scraping": "casa",
        "Nome": "Formas de Alumínio Redondas 85ml",
        "Marca": "Home 7",
        "Preco": 2.29,
        "Unidade_Info": "1 Un | 2,29 €/Un",
        "Categorias_GTM": "Categoria Referência SFCC, Casa, Artigos de Festa e Descartáveis",
        "Data_Coleta": "2025-06-01 02:22:08"
    },
    {
        "ID_Produto": "920426",
        "Categoria_Scraping": "casa",
        "Nome": "Pilha AA Plus",
        "Marca": "Duracell",
        "Preco": 8.99,
        "Unidade_Info": "N/A",
        "Categorias_GTM": "Casa, Pilhas e Lâmpadas, Categoria Referência SFCC",
        "Data_Coleta": "2025-06-01 02:22:14"
    },
    {
        "ID_Produto": "764405",
        "Categoria_Scraping": "casa",
        "Nome": "Gel Sanitário Desencrustante com Lixívia",
        "Marca": "Neoblanc",
        "Preco": 2.29,
        "Unidade_Info": "0.7 L | 3,27 €/L",
        "Categorias_GTM": "Categoria Referência SFCC, Abrasivos, Casa, Limpeza da Casa",
        "Data_Coleta": "2025-06-01 02:22:14"
    },
    {
        "ID_Produto": "768976",
        "Categoria_Scraping": "casa",
        "Nome": "Ambientador Recarga Freshmatic Delícias de Verão",
        "Marca": "Air Wick",
        "Preco": 3.49,
        "Unidade_Info": "1 Un | 3,49 €/Un",
        "Categorias_GTM": "Poupe Esta Semana, Categoria Referência SFCC, Ambientadores, Ambientadores, Casa",
        "Data_Coleta": "2025-06-01 02:22:14"
    },
    {
        "ID_Produto": "980668",
        "Categoria_Scraping": "casa",
        "Nome": "Vela Aniversário Nº3",
        "Marca": "Pingo Doce",
        "Preco": 0.59,
        "Unidade_Info": "1 Un | 0,59 €/Un",
        "Categorias_GTM": "As Nossas Marcas, Pingo Doce, Casa, Artigos de Festa e Descartáveis, Categoria Referência SFCC",
        "Data_Coleta": "2025-06-01 02:22:14"
    },
    {
        "ID_Produto": "980666",
        "Categoria_Scraping": "casa",
        "Nome": "Vela Aniversário Nº1",
        "Marca": "Pingo Doce",
        "Preco": 0.59,
        "Unidade_Info": "1 Un | 0,59 €/Un",
        "Categorias_GTM": "As Nossas Marcas, Pingo Doce, Casa, Artigos de Festa e Descartáveis, Categoria Referência SFCC",
        "Data_Coleta": "2025-06-01 02:22:14"
    },
    {
        "ID_Produto": "838518",
        "Categoria_Scraping": "casa",
        "Nome": "Ambientador de Gavetas e Armários Pétalas de Rosa",
        "Marca": "Ultra",
        "Preco": 1.49,
        "Unidade_Info": "3 Un | 0,5 €/Un",
        "Categorias_GTM": "Categoria Referência SFCC, Ambientadores, Ambientadores, Casa, As Nossas Marcas",
        "Data_Coleta": "2025-06-01 02:22:14"
    },
    {
        "ID_Produto": "981629",
        "Categoria_Scraping": "casa",
        "Nome": "Vela Aniversário Nº7",
        "Marca": "Pingo Doce",
        "Preco": 0.99,
        "Unidade_Info": "1 Un | 0,99 €/Un",
        "Categorias_GTM": "As Nossas Marcas, Pingo Doce, Casa, Artigos de Festa e Descartáveis, Categoria Referência SFCC",
        "Data_Coleta": "2025-06-01 02:22:14"
    },
    {
        "ID_Produto": "967001",
        "Categoria_Scraping": "casa",
        "Nome": "Ambientador Spray Lavanda e Lírio",
        "Marca": "Air Wick",
        "Preco": 2.99,
        "Unidade_Info": "1 Un | 2,99 €/Un",
        "Categorias_GTM": "Ambientadores, Ambientadores, Casa, Promoções, Poupe Esta Semana",
        "Data_Coleta": "2025-06-01 02:22:14"
    },
    {
        "ID_Produto": "691914",
        "Categoria_Scraping": "casa",
        "Nome": "Ambientador Stick Amora e Figo",
        "Marca": "Air Wick",
        "Preco": 5.99,
        "Unidade_Info": "1 Un | 5,99 €/Un",
        "Categorias_GTM": "Categoria Referência SFCC, Promoções, Ambientadores, Ambientadores, Casa",
        "Data_Coleta": "2025-06-01 02:22:14"
    },
    {
        "ID_Produto": "865341",
        "Categoria_Scraping": "casa",
        "Nome": "Lava Tudo Brilhante Eucalipto",
        "Marca": "Sonasol",
        "Preco": 2.79,
        "Unidade_Info": "1.1 L | 2,54 €/L",
        "Categorias_GTM": "Casa, Lava Tudo, Limpeza da Casa, Promoções, Poupe Esta Semana",
        "Data_Coleta": "2025-06-01 02:22:14"
    },
    {
        "ID_Produto": "987948",
        "Categoria_Scraping": "casa",
        "Nome": "PILHAS ALC AAA LR03 8UN LETHE PLR03-L027",
        "Marca": "Lethe",
        "Preco": 1.99,
        "Unidade_Info": "N/A",
        "Categorias_GTM": "Casa, Pilhas e Lâmpadas, Categoria Referência SFCC",
        "Data_Coleta": "2025-06-01 02:22:14"
    },
    {
        "ID_Produto": "960804",
        "Categoria_Scraping": "casa",
        "Nome": "Detergente Loiça Manual Limão Verde",
        "Marca": "Cif",
        "Preco": 1.49,
        "Unidade_Info": "0.6 L | 2,48 €/L",
        "Categorias_GTM": "Promoções, Poupe Esta Semana, Casa, Detergente Manual, Loiça",
        "Data_Coleta": "2025-06-01 02:22:14"
    },
    {
        "ID_Produto": "923603",
        "Categoria_Scraping": "casa",
        "Nome": "Sementes Florais Amor Perfeito Mistura",
        "Marca": "Vita",
        "Preco": 0.99,
        "Unidade_Info": "N/A",
        "Categorias_GTM": "Casa, Jardim, Poupe Esta Semana, Promoções, Categoria Referência SFCC",
        "Data_Coleta": "2025-06-01 02:22:19"
    },
    {
        "ID_Produto": "866738",
        "Categoria_Scraping": "casa",
        "Nome": "Bloco Sanitário Recarga Ative Lavanda",
        "Marca": "Pato",
        "Preco": 3.49,
        "Unidade_Info": "2 Un | 1,75 €/Un",
        "Categorias_GTM": "Blocos Sanitários, Casa, Limpeza da Casa, Promoções, Poupe Esta Semana",
        "Data_Coleta": "2025-06-01 02:22:19"
    },
    {
        "ID_Produto": "962950",
        "Categoria_Scraping": "casa",
        "Nome": "Lava Tudo Limão Verde",
        "Marca": "Cif",
        "Preco": 1.99,
        "Unidade_Info": "1.3 L | 1,53 €/L",
        "Categorias_GTM": "Poupe Esta Semana, Promoções, Casa, Lava Tudo, Limpeza da Casa",
        "Data_Coleta": "2025-06-01 02:22:19"
    },
    {
        "ID_Produto": "946164",
        "Categoria_Scraping": "casa",
        "Nome": "Multiusos Spray 3 em 1 Lavanda e Samambaia Azul",
        "Marca": "Cif",
        "Preco": 1.99,
        "Unidade_Info": "0.5 L | 3,98 €/L",
        "Categorias_GTM": "Casa, Limpeza da Casa, Multiusos, Promoções, Categoria Referência SFCC",
        "Data_Coleta": "2025-06-01 02:22:19"
    },
    {
        "ID_Produto": "970726",
        "Categoria_Scraping": "casa",
        "Nome": "Pastilhas para Máquina Loiça Platinum Plus Limão",
        "Marca": "Fairy",
        "Preco": 10.99,
        "Unidade_Info": "40 Un | 0,27 €/Un",
        "Categorias_GTM": "Poupe Esta Semana, Casa, Detergente Máquina, Loiça, Promoções",
        "Data_Coleta": "2025-06-01 02:22:19"
    },
    {
        "ID_Produto": "959856",
        "Categoria_Scraping": "casa",
        "Nome": "Recarga Ambientador Freshmatic Delícias de Verão e Satin & Moon",
        "Marca": "Air Wick",
        "Preco": 7.59,
        "Unidade_Info": "3 Un | 2,53 €/Un",
        "Categorias_GTM": "Promoções, Poupe Esta Semana, Ambientadores, Ambientadores, Casa",
        "Data_Coleta": "2025-06-01 02:22:19"
    },
    {
        "ID_Produto": "959951",
        "Categoria_Scraping": "casa",
        "Nome": "Abrasivo Gel Ativo Com Lixívia",
        "Marca": "Cif",
        "Preco": 1.94,
        "Unidade_Info": "1.3 L | 1,49 €/L",
        "Categorias_GTM": "Promoções, Poupe Esta Semana, Abrasivos, Casa, Limpeza da Casa",
        "Data_Coleta": "2025-06-01 02:22:19"
    },
    {
        "ID_Produto": "967329",
        "Categoria_Scraping": "casa",
        "Nome": "Gel Sanitário Lixívia Pink",
        "Marca": "Domestos",
        "Preco": 1.94,
        "Unidade_Info": "0.75 L | 2,59 €/L",
        "Categorias_GTM": "Abrasivos, Casa, Limpeza da Casa, Poupe Esta Semana, Promoções",
        "Data_Coleta": "2025-06-01 02:22:19"
    },
    {
        "ID_Produto": "860033",
        "Categoria_Scraping": "casa",
        "Nome": "Gel Sanitário com Lixívia",
        "Marca": "Harpic",
        "Preco": 1.99,
        "Unidade_Info": "0.75 L | 2,65 €/L",
        "Categorias_GTM": "Poupe Esta Semana, Casa, Lixívia, Promoções, Categoria Referência SFCC",
        "Data_Coleta": "2025-06-01 02:22:19"
    },
    {
        "ID_Produto": "845756",
        "Categoria_Scraping": "casa",
        "Nome": "Desodorizante para Calçado",
        "Marca": "Sanytol",
        "Preco": 3.39,
        "Unidade_Info": "0.15 L | 22,6 €/L",
        "Categorias_GTM": "Categoria Referência SFCC, Casa, Limpeza do Calçado, Poupe Esta Semana, Promoções",
        "Data_Coleta": "2025-06-01 02:22:19"
    },
    {
        "ID_Produto": "840359",
        "Categoria_Scraping": "casa",
        "Nome": "Lava Tudo Magic Camomila e Flor de Laranjeira",
        "Marca": "Sonasol",
        "Preco": 2.09,
        "Unidade_Info": "1.3 L | 1,61 €/L",
        "Categorias_GTM": "Promoções, Casa, Lava Tudo, Limpeza da Casa, Categoria Referência SFCC",
        "Data_Coleta": "2025-06-01 02:22:19"
    },
    {
        "ID_Produto": "899772",
        "Categoria_Scraping": "casa",
        "Nome": "Bloco Sanitário Duplo Purple Active Lavanda",
        "Marca": "Bref Sonasol",
        "Preco": 2.99,
        "Unidade_Info": "2 Un | 1,5 €/Un",
        "Categorias_GTM": "Promoções, Poupe Esta Semana, Categoria Referência SFCC, Blocos Sanitários, Casa",
        "Data_Coleta": "2025-06-01 02:22:19"
    },
    {
        "ID_Produto": "949230",
        "Categoria_Scraping": "casa",
        "Nome": "Lava Tudo Amoniacal",
        "Marca": "Sonasol",
        "Preco": 2.09,
        "Unidade_Info": "1.25 L | 1,67 €/L",
        "Categorias_GTM": "Categoria Referência SFCC, Poupe Esta Semana, Casa, Lava Tudo, Limpeza da Casa",
        "Data_Coleta": "2025-06-01 02:22:25"
    },
    {
        "ID_Produto": "907834",
        "Categoria_Scraping": "casa",
        "Nome": "Lava Tudo Festa de Flores Floral",
        "Marca": "Ajax",
        "Preco": 2.24,
        "Unidade_Info": "1.25 L | 1,79 €/L",
        "Categorias_GTM": "Casa, Lava Tudo, Limpeza da Casa, Poupe Esta Semana, Promoções",
        "Data_Coleta": "2025-06-01 02:22:25"
    },
    {
        "ID_Produto": "907835",
        "Categoria_Scraping": "casa",
        "Nome": "Lava Tudo Festa de Flores Lavanda",
        "Marca": "Ajax",
        "Preco": 2.24,
        "Unidade_Info": "1.25 L | 1,79 €/L",
        "Categorias_GTM": "Promoções, Casa, Lava Tudo, Limpeza da Casa, Poupe Esta Semana",
        "Data_Coleta": "2025-06-01 02:22:25"
    },
    {
        "ID_Produto": "917201",
        "Categoria_Scraping": "casa",
        "Nome": "Recargas Ambientador Fresh Matic White Bouquet",
        "Marca": "Air Wick",
        "Preco": 5.19,
        "Unidade_Info": "1 Un | 5,19 €/Un",
        "Categorias_GTM": "Promoções, Poupe Esta Semana, Categoria Referência SFCC, Ambientadores, Ambientadores",
        "Data_Coleta": "2025-06-01 02:22:25"
    },
    {
        "ID_Produto": "923506",
        "Categoria_Scraping": "casa",
        "Nome": "Sementes Zinia Ana Mistura",
        "Marca": "Vita",
        "Preco": 0.99,
        "Unidade_Info": "N/A",
        "Categorias_GTM": "Poupe Esta Semana, Promoções, Categoria Referência SFCC, Casa, Jardim",
        "Data_Coleta": "2025-06-01 02:22:25"
    },
    {
        "ID_Produto": "923601",
        "Categoria_Scraping": "casa",
        "Nome": "Sementes Salsa Comum 2",
        "Marca": "Vita",
        "Preco": 0.99,
        "Unidade_Info": "N/A",
        "Categorias_GTM": "Promoções, Poupe Esta Semana, Categoria Referência SFCC, Casa, Jardim",
        "Data_Coleta": "2025-06-01 02:22:25"
    },
    {
        "ID_Produto": "955781",
        "Categoria_Scraping": "casa",
        "Nome": "Regador 2L",
        "Marca": "Plástico Forte",
        "Preco": 2.99,
        "Unidade_Info": "N/A",
        "Categorias_GTM": "Casa, Jardim, Categoria Referência SFCC, Poupe Esta Semana, Promoções",
        "Data_Coleta": "2025-06-01 02:22:25"
    },
    {
        "ID_Produto": "915865",
        "Categoria_Scraping": "casa",
        "Nome": "Recarga Esfregona Suave",
        "Marca": "Ultra",
        "Preco": 0.89,
        "Unidade_Info": "1 Un | 0,89 €/Un",
        "Categorias_GTM": "As Nossas Marcas, Ultra, Categoria Referência SFCC, Acessórios, Casa",
        "Data_Coleta": "2025-06-01 02:22:25"
    },
    {
        "ID_Produto": "915803",
        "Categoria_Scraping": "casa",
        "Nome": "Recarga Mopa Seca 45cm",
        "Marca": "Ultra",
        "Preco": 3.79,
        "Unidade_Info": "1 Un | 3,79 €/Un",
        "Categorias_GTM": "As Nossas Marcas, Ultra, Categoria Referência SFCC, Acessórios, Casa",
        "Data_Coleta": "2025-06-01 02:22:25"
    },
    {
        "ID_Produto": "915869",
        "Categoria_Scraping": "casa",
        "Nome": "Escova para Lavar Loiça",
        "Marca": "Ultra",
        "Preco": 0.99,
        "Unidade_Info": "1 Un | 0,99 €/Un",
        "Categorias_GTM": "As Nossas Marcas, Ultra, Categoria Referência SFCC, Acessórios, Casa",
        "Data_Coleta": "2025-06-01 02:22:25"
    },
    {
        "ID_Produto": "904010",
        "Categoria_Scraping": "casa",
        "Nome": "Sacos do Lixo para Sanitário 10L",
        "Marca": "Pingo Doce",
        "Preco": 0.89,
        "Unidade_Info": "30 Un | 0,03 €/Un",
        "Categorias_GTM": "Casa, Sacos do Lixo, As Nossas Marcas, Pingo Doce, Categoria Referência SFCC",
        "Data_Coleta": "2025-06-01 02:22:25"
    },
    {
        "ID_Produto": "907833",
        "Categoria_Scraping": "casa",
        "Nome": "Lava Tudo Festa Flores Herbal",
        "Marca": "Ajax",
        "Preco": 2.24,
        "Unidade_Info": "1.25 L | 1,79 €/L",
        "Categorias_GTM": "Casa, Lava Tudo, Limpeza da Casa, Promoções, Poupe Esta Semana",
        "Data_Coleta": "2025-06-01 02:22:25"
    },
    {
        "ID_Produto": "480297",
        "Categoria_Scraping": "casa",
        "Nome": "Sacos para Sandes",
        "Marca": "Pingo Doce",
        "Preco": 0.69,
        "Unidade_Info": "100 Un | 0,01 €/Un",
        "Categorias_GTM": "Categoria Referência SFCC, As Nossas Marcas, Pingo Doce, Casa, Conservação de Alimentos",
        "Data_Coleta": "2025-06-01 02:22:30"
    },
    {
        "ID_Produto": "480299",
        "Categoria_Scraping": "casa",
        "Nome": "Sacos de Congelação",
        "Marca": "Pingo Doce",
        "Preco": 1.19,
        "Unidade_Info": "50 Un | 0,02 €/Un",
        "Categorias_GTM": "Categoria Referência SFCC, Casa, Conservação de Alimentos, As Nossas Marcas, Pingo Doce",
        "Data_Coleta": "2025-06-01 02:22:30"
    },
    {
        "ID_Produto": "840360",
        "Categoria_Scraping": "casa",
        "Nome": "Lava Tudo Magic Rosas",
        "Marca": "Sonasol",
        "Preco": 2.09,
        "Unidade_Info": "1.3 L | 1,61 €/L",
        "Categorias_GTM": "Poupe Esta Semana, Promoções, Casa, Lava Tudo, Limpeza da Casa",
        "Data_Coleta": "2025-06-01 02:22:30"
    },
    {
        "ID_Produto": "921799",
        "Categoria_Scraping": "casa",
        "Nome": "Spray Limpeza Desinfetante",
        "Marca": "Ultra",
        "Preco": 1.79,
        "Unidade_Info": "0.75 L | 2,39 €/L",
        "Categorias_GTM": "As Nossas Marcas, Ultra, Categoria Referência SFCC, Abrasivos, Casa",
        "Data_Coleta": "2025-06-01 02:22:30"
    },
    {
        "ID_Produto": "919960",
        "Categoria_Scraping": "casa",
        "Nome": "Panos para Madeira",
        "Marca": "Swiffer",
        "Preco": 3.59,
        "Unidade_Info": "18 Un | 0,2 €/Un",
        "Categorias_GTM": "Categoria Referência SFCC, Acessórios, Casa, Limpeza da Casa, Poupe Esta Semana",
        "Data_Coleta": "2025-06-01 02:22:30"
    },
    {
        "ID_Produto": "921222",
        "Categoria_Scraping": "casa",
        "Nome": "Lava Tudo Amoniacal Sabão Natural",
        "Marca": "Ultra",
        "Preco": 1.39,
        "Unidade_Info": "2 L | 0,7 €/L",
        "Categorias_GTM": "As Nossas Marcas, Ultra, Categoria Referência SFCC, Casa, Lava Tudo",
        "Data_Coleta": "2025-06-01 02:22:30"
    },
    {
        "ID_Produto": "889563",
        "Categoria_Scraping": "casa",
        "Nome": "Creme para Calçado Autobrilhante Incolor",
        "Marca": "Home 7",
        "Preco": 1.19,
        "Unidade_Info": "0.04 L | 29,75 €/L",
        "Categorias_GTM": "Categoria Referência SFCC, Casa, Limpeza do Calçado",
        "Data_Coleta": "2025-06-01 02:22:30"
    },
    {
        "ID_Produto": "887043",
        "Categoria_Scraping": "casa",
        "Nome": "Spray Sanitário Brilhante",
        "Marca": "Sonasol",
        "Preco": 3.05,
        "Unidade_Info": "0.5 L | 6,1 €/L",
        "Categorias_GTM": "Abrasivos, Casa, Limpeza da Casa, Categoria Referência SFCC",
        "Data_Coleta": "2025-06-01 02:22:30"
    },
    {
        "ID_Produto": "895093",
        "Categoria_Scraping": "casa",
        "Nome": "Guardanapo Gold Folha Dupla - 40un",
        "Marca": "Renova",
        "Preco": 1.99,
        "Unidade_Info": "1 Un | 1,99 €/Un",
        "Categorias_GTM": "Categoria Referência SFCC, Casa, Guardanapos",
        "Data_Coleta": "2025-06-01 02:22:30"
    },
    {
        "ID_Produto": "915110",
        "Categoria_Scraping": "casa",
        "Nome": "Spray Limpeza Sanitário Citrus",
        "Marca": "Ambipur",
        "Preco": 2.19,
        "Unidade_Info": "0.75 L | 2,92 €/L",
        "Categorias_GTM": "Abrasivos, Casa, Categoria Referência SFCC, Limpeza da Casa",
        "Data_Coleta": "2025-06-01 02:22:30"
    },
    {
        "ID_Produto": "848010",
        "Categoria_Scraping": "casa",
        "Nome": "Bloco Sanitário Purple Active Lavanda",
        "Marca": "Bref Sonasol",
        "Preco": 1.98,
        "Unidade_Info": "1 Un | 1,98 €/Un",
        "Categorias_GTM": "Categoria Referência SFCC, Poupe Esta Semana, Blocos Sanitários, Casa, Limpeza da Casa",
        "Data_Coleta": "2025-06-01 02:22:30"
    },
    {
        "ID_Produto": "954102",
        "Categoria_Scraping": "casa",
        "Nome": "Ambientador para Carro Fresh Baunilha",
        "Marca": "Natural Fresh",
        "Preco": 1.29,
        "Unidade_Info": "1 Un | 1,29 €/Un",
        "Categorias_GTM": "Categoria Referência SFCC, Ambientadores, Ambientadores, Casa",
        "Data_Coleta": "2025-06-01 02:22:30"
    },
    {
        "ID_Produto": "959272",
        "Categoria_Scraping": "casa",
        "Nome": "Toalhitas Limpa Móveis",
        "Marca": "Pronto",
        "Preco": 3.22,
        "Unidade_Info": "0.25 L | 12,88 €/L",
        "Categorias_GTM": "Casa, Limpa Vidros e Madeiras, Limpeza da Casa, Categoria Referência SFCC, Poupe Esta Semana",
        "Data_Coleta": "2025-06-01 02:22:36"
    },
    {
        "ID_Produto": "816928",
        "Categoria_Scraping": "casa",
        "Nome": "Bloco Sanitário Espuma Ativa Aqua",
        "Marca": "Ultra",
        "Preco": 1.64,
        "Unidade_Info": "2 Un | 0,82 €/Un",
        "Categorias_GTM": "As Nossas Marcas, Ultra, Categoria Referência SFCC, Blocos Sanitários, Casa",
        "Data_Coleta": "2025-06-01 02:22:36"
    },
    {
        "ID_Produto": "960309",
        "Categoria_Scraping": "casa",
        "Nome": "Detergente Máquina Roupa Líquido Active Clean",
        "Marca": "Skip",
        "Preco": 7.99,
        "Unidade_Info": "44 Dos | 0,18 €/Dos",
        "Categorias_GTM": "Casa, Detergente, Roupa, Categoria Referência SFCC",
        "Data_Coleta": "2025-06-01 02:22:36"
    },
    {
        "ID_Produto": "960811",
        "Categoria_Scraping": "casa",
        "Nome": "Amaciador Roupa Concentrado Essência Azul",
        "Marca": "Comfort",
        "Preco": 4.49,
        "Unidade_Info": "100 Dos | 0,04 €/Dos",
        "Categorias_GTM": "Amaciador, Casa, Roupa, Categoria Referência SFCC",
        "Data_Coleta": "2025-06-01 02:22:36"
    },
    {
        "ID_Produto": "776058",
        "Categoria_Scraping": "casa",
        "Nome": "Recarga Ambientador Automático Lavanda e Jasmim",
        "Marca": "Glade",
        "Preco": 5.19,
        "Unidade_Info": "0.036 L | 144,17 €/L",
        "Categorias_GTM": "Poupe Esta Semana, Promoções, Categoria Referência SFCC, Ambientadores, Ambientadores",
        "Data_Coleta": "2025-06-01 02:22:36"
    },
    {
        "ID_Produto": "980953",
        "Categoria_Scraping": "casa",
        "Nome": "Detergente Loiça Manual Maxi Original",
        "Marca": "Fairy",
        "Preco": 3.99,
        "Unidade_Info": "0.45 L | 8,87 €/L",
        "Categorias_GTM": "Casa, Detergente Manual, Loiça, Categoria Referência SFCC",
        "Data_Coleta": "2025-06-01 02:22:36"
    },
    {
        "ID_Produto": "951973",
        "Categoria_Scraping": "casa",
        "Nome": "Detergente Máquina Roupa Cápsulas Universal",
        "Marca": "Persil",
        "Preco": 10.99,
        "Unidade_Info": "40 Dos | 0,27 €/Dos",
        "Categorias_GTM": "Categoria Referência SFCC, Casa, Detergente, Roupa",
        "Data_Coleta": "2025-06-01 02:22:36"
    },
    {
        "ID_Produto": "953883",
        "Categoria_Scraping": "casa",
        "Nome": "Detergente Máquina Roupa Pó Regular",
        "Marca": "Xau",
        "Preco": 9.99,
        "Unidade_Info": "85 Dos | 0,12 €/Dos",
        "Categorias_GTM": "Categoria Referência SFCC, Casa, Detergente, Roupa, Poupe Este Fim De Semana",
        "Data_Coleta": "2025-06-01 02:22:36"
    },
    {
        "ID_Produto": "955172",
        "Categoria_Scraping": "casa",
        "Nome": "Sacos Lixo Super + Perfumados Limão 50 L",
        "Marca": "Vileda",
        "Preco": 2.89,
        "Unidade_Info": "10 Un | 0,29 €/Un",
        "Categorias_GTM": "Categoria Referência SFCC, Casa, Sacos do Lixo",
        "Data_Coleta": "2025-06-01 02:22:36"
    },
    {
        "ID_Produto": "962503",
        "Categoria_Scraping": "casa",
        "Nome": "Vinagre de Limpeza Limão",
        "Marca": "Dona Pureza",
        "Preco": 2.39,
        "Unidade_Info": "1 L | 2,39 €/L",
        "Categorias_GTM": "Casa, Lava Tudo, Limpeza da Casa, Categoria Referência SFCC",
        "Data_Coleta": "2025-06-01 02:22:36"
    },
    {
        "ID_Produto": "962544",
        "Categoria_Scraping": "casa",
        "Nome": "Detergente em Gel Máquina Loiça",
        "Marca": "Ultra",
        "Preco": 3.54,
        "Unidade_Info": "36 Dos | 0,1 €/Dos",
        "Categorias_GTM": "Casa, Detergente Máquina, Loiça, As Nossas Marcas, Ultra",
        "Data_Coleta": "2025-06-01 02:22:36"
    },
    {
        "ID_Produto": "860028",
        "Categoria_Scraping": "casa",
        "Nome": "Limpa Móveis Spray Revitaliza",
        "Marca": "Pronto",
        "Preco": 3.59,
        "Unidade_Info": "0.25 L | 14,36 €/L",
        "Categorias_GTM": "Casa, Limpa Vidros e Madeiras, Limpeza da Casa, Categoria Referência SFCC, Poupe Este Fim De Semana",
        "Data_Coleta": "2025-06-01 02:22:36"
    },
    {
        "ID_Produto": "865614",
        "Categoria_Scraping": "casa",
        "Nome": "Sacos do Lixo com Alça 20L",
        "Marca": "Silvex",
        "Preco": 1.59,
        "Unidade_Info": "1 Un | 1,59 €/Un",
        "Categorias_GTM": "Casa, Sacos do Lixo, Categoria Referência SFCC",
        "Data_Coleta": "2025-06-01 02:22:42"
    },
    {
        "ID_Produto": "982503",
        "Categoria_Scraping": "casa",
        "Nome": "Gel Sanitário Limão",
        "Marca": "Ultra",
        "Preco": 0.99,
        "Unidade_Info": "1 L | 0,99 €/L",
        "Categorias_GTM": "Abrasivos, Casa, Limpeza da Casa, As Nossas Marcas, Ultra",
        "Data_Coleta": "2025-06-01 02:22:42"
    },
    {
        "ID_Produto": "988125",
        "Categoria_Scraping": "casa",
        "Nome": "Recarga Espanador de Pó",
        "Marca": "Swiffer",
        "Preco": 5.99,
        "Unidade_Info": "9 Un | 0,67 €/Un",
        "Categorias_GTM": "Acessórios, Casa, Limpeza da Casa, Promoções, Poupe Esta Semana",
        "Data_Coleta": "2025-06-01 02:22:42"
    },
    {
        "ID_Produto": "971554",
        "Categoria_Scraping": "casa",
        "Nome": "Detergente Loiça Manual Limão",
        "Marca": "Ultra",
        "Preco": 1.09,
        "Unidade_Info": "1.5 L | 0,73 €/L",
        "Categorias_GTM": "As Nossas Marcas, Ultra, Casa, Detergente Manual, Loiça",
        "Data_Coleta": "2025-06-01 02:22:42"
    },
    {
        "ID_Produto": "777165",
        "Categoria_Scraping": "casa",
        "Nome": "Vela de Citronela",
        "Marca": "Ultra",
        "Preco": 1.49,
        "Unidade_Info": "1 Un | 1,49 €/Un",
        "Categorias_GTM": "Casa, Inseticidas, As Nossas Marcas, Ultra, Categoria Referência SFCC",
        "Data_Coleta": "2025-06-01 02:22:42"
    },
    {
        "ID_Produto": "973033",
        "Categoria_Scraping": "casa",
        "Nome": "Vinagre de Limpeza Limão",
        "Marca": "Ultra",
        "Preco": 0.95,
        "Unidade_Info": "1 L | 0,95 €/L",
        "Categorias_GTM": "As Nossas Marcas, Ultra, Casa, Lava Tudo, Limpeza da Casa",
        "Data_Coleta": "2025-06-01 02:22:42"
    },
    {
        "ID_Produto": "57722",
        "Categoria_Scraping": "casa",
        "Nome": "Sacos de Congelação com Fecho One Zip 1 L",
        "Marca": "Vileda",
        "Preco": 4.89,
        "Unidade_Info": "1 Un | 4,89 €/Un",
        "Categorias_GTM": "Categoria Referência SFCC, Casa, Conservação de Alimentos",
        "Data_Coleta": "2025-06-01 02:22:42"
    },
    {
        "ID_Produto": "527740",
        "Categoria_Scraping": "casa",
        "Nome": "Saco do Lixo para Sanitário 5L",
        "Marca": "Silvex",
        "Preco": 1.59,
        "Unidade_Info": "1 Un | 1,59 €/Un",
        "Categorias_GTM": "Categoria Referência SFCC, Casa, Sacos do Lixo",
        "Data_Coleta": "2025-06-01 02:22:42"
    },
    {
        "ID_Produto": "973241",
        "Categoria_Scraping": "casa",
        "Nome": "Detergente Máquina Roupa Pó Essência Provença",
        "Marca": "A+",
        "Preco": 9.99,
        "Unidade_Info": "70 Dos | 0,14 €/Dos",
        "Categorias_GTM": "Casa, Detergente, Roupa, Categoria Referência SFCC",
        "Data_Coleta": "2025-06-01 02:22:42"
    },
    {
        "ID_Produto": "942289",
        "Categoria_Scraping": "casa",
        "Nome": "Recarga Ambientador Eléctrico 3volution Tatâmi do Japão",
        "Marca": "Ambipur",
        "Preco": 10.99,
        "Unidade_Info": "1 Un | 10,99 €/Un",
        "Categorias_GTM": "Ambientadores, Ambientadores, Casa, Categoria Referência SFCC",
        "Data_Coleta": "2025-06-01 02:22:42"
    },
    {
        "ID_Produto": "991082",
        "Categoria_Scraping": "casa",
        "Nome": "Desentupidor Canos Gel Turbo+",
        "Marca": "Destop",
        "Preco": 8.99,
        "Unidade_Info": "1 L | 8,99 €/L",
        "Categorias_GTM": "Casa, Limpeza da Casa, Tira Gorduras, Categoria Referência SFCC",
        "Data_Coleta": "2025-06-01 02:22:42"
    },
    {
        "ID_Produto": "991277",
        "Categoria_Scraping": "casa",
        "Nome": "Cápsulas Active 4 Color",
        "Marca": "A+",
        "Preco": 5.95,
        "Unidade_Info": "22 Dos | 0,27 €/Dos",
        "Categorias_GTM": "Casa, Detergente, Roupa, Categoria Referência SFCC",
        "Data_Coleta": "2025-06-01 02:22:42"
    },
    {
        "ID_Produto": "756125",
        "Categoria_Scraping": "casa",
        "Nome": "Foguetes Luminosos",
        "Marca": "Valporto",
        "Preco": 2.04,
        "Unidade_Info": "10 Un | 0,2 €/Un",
        "Categorias_GTM": "Casa, Artigos de Festa e Descartáveis, Categoria Referência SFCC",
        "Data_Coleta": "2025-06-01 02:22:48"
    },
    {
        "ID_Produto": "601814",
        "Categoria_Scraping": "casa",
        "Nome": "Cola de Contacto",
        "Marca": "UHU",
        "Preco": 7.15,
        "Unidade_Info": "0 Ml",
        "Categorias_GTM": "Bricolagem, Casa, Categoria Referência SFCC",
        "Data_Coleta": "2025-06-01 02:22:48"
    },
    {
        "ID_Produto": "875116",
        "Categoria_Scraping": "casa",
        "Nome": "Copos de Cartão 6cm",
        "Marca": "Papstar",
        "Preco": 3.89,
        "Unidade_Info": "25 Un | 0,16 €/Un",
        "Categorias_GTM": "Casa, Artigos de Festa e Descartáveis, Categoria Referência SFCC",
        "Data_Coleta": "2025-06-01 02:22:48"
    },
    {
        "ID_Produto": "36253",
        "Categoria_Scraping": "casa",
        "Nome": "Ambientador Absorve Odores de Lavanda",
        "Marca": "Glade",
        "Preco": 4.39,
        "Unidade_Info": "2 Un | 2,19 €/Un",
        "Categorias_GTM": "Ambientadores, Ambientadores, Casa, Categoria Referência SFCC",
        "Data_Coleta": "2025-06-01 02:22:48"
    },
    {
        "ID_Produto": "427718",
        "Categoria_Scraping": "casa",
        "Nome": "Guardanapos Folha Dupla - 90un",
        "Marca": "Renova",
        "Preco": 1.39,
        "Unidade_Info": "90 Un | 0,02 €/Un",
        "Categorias_GTM": "Casa, Guardanapos, Categoria Referência SFCC",
        "Data_Coleta": "2025-06-01 02:22:48"
    },
    {
        "ID_Produto": "967008",
        "Categoria_Scraping": "casa",
        "Nome": "Ambientador Spray Lavanda",
        "Marca": "Air Wick",
        "Preco": 1.79,
        "Unidade_Info": "1 Un | 1,79 €/Un",
        "Categorias_GTM": "Ambientadores, Ambientadores, Casa, Promoções, Poupe Esta Semana",
        "Data_Coleta": "2025-06-01 02:22:48"
    },
    {
        "ID_Produto": "967598",
        "Categoria_Scraping": "casa",
        "Nome": "Lanterna LED USB OPL0790",
        "Marca": "Niteo",
        "Preco": 11.99,
        "Unidade_Info": "N/A",
        "Categorias_GTM": "Casa, Pilhas e Lâmpadas, Categoria Referência SFCC",
        "Data_Coleta": "2025-06-01 02:22:48"
    },
    {
        "ID_Produto": "742215",
        "Categoria_Scraping": "casa",
        "Nome": "Recarga Ambientador Automático Relax Zen",
        "Marca": "Glade",
        "Preco": 7.19,
        "Unidade_Info": "0.269 L | 26,73 €/L",
        "Categorias_GTM": "Ambientadores, Ambientadores, Casa, Poupe Esta Semana, Promoções",
        "Data_Coleta": "2025-06-01 02:22:48"
    },
    {
        "ID_Produto": "930379",
        "Categoria_Scraping": "casa",
        "Nome": "Pratos de Refeição em Cartão 23cm",
        "Marca": "Pingo Doce",
        "Preco": 1.09,
        "Unidade_Info": "10 Un | 0,11 €/Un",
        "Categorias_GTM": "Casa, Artigos de Festa e Descartáveis, As Nossas Marcas, Pingo Doce, Categoria Referência SFCC",
        "Data_Coleta": "2025-06-01 02:22:48"
    },
    {
        "ID_Produto": "489060",
        "Categoria_Scraping": "casa",
        "Nome": "Super Cola Mini",
        "Marca": "UHU",
        "Preco": 5.09,
        "Unidade_Info": "0.006 Kg | 848,33 €/Kg",
        "Categorias_GTM": "Categoria Referência SFCC, Bricolagem, Casa",
        "Data_Coleta": "2025-06-01 02:22:48"
    },
    {
        "ID_Produto": "515736",
        "Categoria_Scraping": "casa",
        "Nome": "Cola Universal Forte e Seguro",
        "Marca": "UHU",
        "Preco": 6.04,
        "Unidade_Info": "7 Ml | 0,86 €/Ml",
        "Categorias_GTM": "Categoria Referência SFCC, Bricolagem, Casa",
        "Data_Coleta": "2025-06-01 02:22:48"
    },
    {
        "ID_Produto": "929888",
        "Categoria_Scraping": "casa",
        "Nome": "24 Balões Rosa",
        "Marca": "Fancy Brands",
        "Preco": 1.69,
        "Unidade_Info": "24 Un | 0,07 €/Un",
        "Categorias_GTM": "Casa, Artigos de Festa e Descartáveis, Categoria Referência SFCC",
        "Data_Coleta": "2025-06-01 02:22:48"
    },
    {
        "ID_Produto": "806197",
        "Categoria_Scraping": "casa",
        "Nome": "Ambientador Difusor Frescura com 3 Recargas",
        "Marca": "Ultra",
        "Preco": 3.79,
        "Unidade_Info": "0.025 L | 151,6 €/L",
        "Categorias_GTM": "As Nossas Marcas, Ultra, Ambientadores, Ambientadores, Casa",
        "Data_Coleta": "2025-06-01 02:22:54"
    },
    {
        "ID_Produto": "746587",
        "Categoria_Scraping": "casa",
        "Nome": "Bloco Autoclismo Matic Água Azul",
        "Marca": "Pato",
        "Preco": 3.19,
        "Unidade_Info": "1 Un | 3,19 €/Un",
        "Categorias_GTM": "Categoria Referência SFCC, Blocos Sanitários, Casa, Limpeza da Casa",
        "Data_Coleta": "2025-06-01 02:22:54"
    },
    {
        "ID_Produto": "653162",
        "Categoria_Scraping": "casa",
        "Nome": "Bloco Sanitário Pinho Poder Ativo",
        "Marca": "Bref Sonasol",
        "Preco": 1.98,
        "Unidade_Info": "50 Un | 0,04 €/Un",
        "Categorias_GTM": "Poupe Esta Semana, Categoria Referência SFCC, Blocos Sanitários, Casa, Limpeza da Casa",
        "Data_Coleta": "2025-06-01 02:22:54"
    },
    {
        "ID_Produto": "149717",
        "Categoria_Scraping": "casa",
        "Nome": "Cola Contacto Blister",
        "Marca": "Pattex",
        "Preco": 3.19,
        "Unidade_Info": "N/A",
        "Categorias_GTM": "Bricolagem, Casa, Categoria Referência SFCC",
        "Data_Coleta": "2025-06-01 02:22:54"
    },
    {
        "ID_Produto": "841175",
        "Categoria_Scraping": "casa",
        "Nome": "Ambientador Absorve Odores 2 em 1 Lavanda",
        "Marca": "Ultra",
        "Preco": 0.79,
        "Unidade_Info": "0.15 Kg | 5,27 €/Kg",
        "Categorias_GTM": "Categoria Referência SFCC, As Nossas Marcas, Ultra, Ambientadores, Ambientadores",
        "Data_Coleta": "2025-06-01 02:22:54"
    },
    {
        "ID_Produto": "856411",
        "Categoria_Scraping": "casa",
        "Nome": "Ambientador Spray Peónia e Cereja",
        "Marca": "Glade",
        "Preco": 2.39,
        "Unidade_Info": "0.3 L | 7,97 €/L",
        "Categorias_GTM": "Ambientadores, Ambientadores, Casa, Categoria Referência SFCC",
        "Data_Coleta": "2025-06-01 02:22:54"
    },
    {
        "ID_Produto": "38370",
        "Categoria_Scraping": "casa",
        "Nome": "Feltros Protetores Castanhos em Rodelas 22mm",
        "Marca": "Tesa",
        "Preco": 2.29,
        "Unidade_Info": "N/A",
        "Categorias_GTM": "Bricolagem, Casa, Categoria Referência SFCC",
        "Data_Coleta": "2025-06-01 02:22:54"
    },
    {
        "ID_Produto": "944538",
        "Categoria_Scraping": "casa",
        "Nome": "Perfumador Roupa Orquídea",
        "Marca": "Ultra",
        "Preco": 2.99,
        "Unidade_Info": "0.275 Kg | 10,87 €/Kg",
        "Categorias_GTM": "As Nossas Marcas, Ultra, Categoria Referência SFCC, Amaciador, Casa",
        "Data_Coleta": "2025-06-01 02:22:54"
    },
    {
        "ID_Produto": "723192",
        "Categoria_Scraping": "casa",
        "Nome": "Rolo de Cozinha 2 Folhas Mega 1=10 Rolos",
        "Marca": "Pingo Doce",
        "Preco": 3.49,
        "Unidade_Info": "1 Un | 3,49 €/Un",
        "Categorias_GTM": "Categoria Referência SFCC, Casa, Rolos de Cozinha, As Nossas Marcas, Pingo Doce",
        "Data_Coleta": "2025-06-01 02:22:54"
    },
    {
        "ID_Produto": "724556",
        "Categoria_Scraping": "casa",
        "Nome": "Papel de Alumínio 30m",
        "Marca": "Pingo Doce",
        "Preco": 2.29,
        "Unidade_Info": "30 M | 0,08 €/M",
        "Categorias_GTM": "Categoria Referência SFCC, Casa, Conservação de Alimentos, As Nossas Marcas, Pingo Doce",
        "Data_Coleta": "2025-06-01 02:22:54"
    },
    {
        "ID_Produto": "822011",
        "Categoria_Scraping": "casa",
        "Nome": "Saco de Lixo 30 L",
        "Marca": "Silvex",
        "Preco": 2.99,
        "Unidade_Info": "20 Un | 0,15 €/Un",
        "Categorias_GTM": "Casa, Sacos do Lixo, Categoria Referência SFCC",
        "Data_Coleta": "2025-06-01 02:22:54"
    },
    {
        "ID_Produto": "930384",
        "Categoria_Scraping": "casa",
        "Nome": "Colheres de Madeira",
        "Marca": "Pingo Doce",
        "Preco": 0.99,
        "Unidade_Info": "10 Un | 0,1 €/Un",
        "Categorias_GTM": "Casa, Artigos de Festa e Descartáveis, As Nossas Marcas, Pingo Doce, Categoria Referência SFCC",
        "Data_Coleta": "2025-06-01 02:22:54"
    },
    {
        "ID_Produto": "931260",
        "Categoria_Scraping": "casa",
        "Nome": "Copos de Cartão 11,5 cl Pingo Doce 10 un",
        "Marca": "Pingo Doce",
        "Preco": 0.54,
        "Unidade_Info": "10 Un | 0,05 €/Un",
        "Categorias_GTM": "As Nossas Marcas, Pingo Doce, Casa, Artigos de Festa e Descartáveis, Categoria Referência SFCC",
        "Data_Coleta": "2025-06-01 02:23:00"
    },
    {
        "ID_Produto": "732378",
        "Categoria_Scraping": "casa",
        "Nome": "Bloco Sanitário Cesto Marinho",
        "Marca": "Ultra",
        "Preco": 1.29,
        "Unidade_Info": "0.12 Kg | 10,75 €/Kg",
        "Categorias_GTM": "As Nossas Marcas, Ultra, Categoria Referência SFCC, Blocos Sanitários, Casa",
        "Data_Coleta": "2025-06-01 02:23:00"
    },
    {
        "ID_Produto": "835494",
        "Categoria_Scraping": "casa",
        "Nome": "Spray Multiusos Ultra Desengordurante",
        "Marca": "Cif",
        "Preco": 1.99,
        "Unidade_Info": "0.5 L | 3,98 €/L",
        "Categorias_GTM": "Promoções, Casa, Limpeza da Casa, Tira Gorduras, Poupe Esta Semana",
        "Data_Coleta": "2025-06-01 02:23:00"
    },
    {
        "ID_Produto": "827263",
        "Categoria_Scraping": "casa",
        "Nome": "Luvas Descartáveis Multiusos Látex Médias/Grandes",
        "Marca": "Vileda",
        "Preco": 2.49,
        "Unidade_Info": "10 Un | 0,25 €/Un",
        "Categorias_GTM": "Acessórios, Casa, Limpeza da Casa, Categoria Referência SFCC",
        "Data_Coleta": "2025-06-01 02:23:00"
    },
    {
        "ID_Produto": "644776",
        "Categoria_Scraping": "casa",
        "Nome": "Pá de Lixo com Cabo",
        "Marca": "Fapil",
        "Preco": 1.69,
        "Unidade_Info": "1 Un | 1,69 €/Un",
        "Categorias_GTM": "Categoria Referência SFCC, Acessórios, Casa, Limpeza da Casa",
        "Data_Coleta": "2025-06-01 02:23:00"
    },
    {
        "ID_Produto": "217368",
        "Categoria_Scraping": "casa",
        "Nome": "Cola de Contacto Blister",
        "Marca": "Pattex",
        "Preco": 3.69,
        "Unidade_Info": "0.05 Kg | 73,8 €/Kg",
        "Categorias_GTM": "Bricolagem, Casa, Categoria Referência SFCC",
        "Data_Coleta": "2025-06-01 02:23:00"
    },
    {
        "ID_Produto": "730293",
        "Categoria_Scraping": "casa",
        "Nome": "Recarga Esfregona Super",
        "Marca": "Vileda",
        "Preco": 3.99,
        "Unidade_Info": "1 Un | 3,99 €/Un",
        "Categorias_GTM": "Categoria Referência SFCC, Acessórios, Casa, Limpeza da Casa",
        "Data_Coleta": "2025-06-01 02:23:00"
    },
    {
        "ID_Produto": "701981",
        "Categoria_Scraping": "casa",
        "Nome": "Luvas Multisentive Pequeno/Médio",
        "Marca": "Vileda",
        "Preco": 7.99,
        "Unidade_Info": "1 Un | 7,99 €/Un",
        "Categorias_GTM": "Categoria Referência SFCC, Acessórios, Casa, Limpeza da Casa",
        "Data_Coleta": "2025-06-01 02:23:00"
    },
    {
        "ID_Produto": "49931",
        "Categoria_Scraping": "casa",
        "Nome": "Lixívia Tradicional",
        "Marca": "Neoblanc",
        "Preco": 2.99,
        "Unidade_Info": "4 L | 0,75 €/L",
        "Categorias_GTM": "Categoria Referência SFCC, Casa, Limpeza da Casa, Lixívia, Poupe Esta Semana",
        "Data_Coleta": "2025-06-01 02:23:00"
    },
    {
        "ID_Produto": "475855",
        "Categoria_Scraping": "casa",
        "Nome": "Gel Sanitário Active Fresh Pinho",
        "Marca": "Harpic",
        "Preco": 1.99,
        "Unidade_Info": "0.75 L | 2,65 €/L",
        "Categorias_GTM": "Poupe Esta Semana, Categoria Referência SFCC, Abrasivos, Casa, Limpeza da Casa",
        "Data_Coleta": "2025-06-01 02:23:00"
    },
    {
        "ID_Produto": "701344",
        "Categoria_Scraping": "casa",
        "Nome": "Bloco Sanitário Discos Ativos Recargas Marinho",
        "Marca": "Pato",
        "Preco": 3.49,
        "Unidade_Info": "2 Un | 1,75 €/Un",
        "Categorias_GTM": "Categoria Referência SFCC, Blocos Sanitários, Casa, Limpeza da Casa, Poupe Esta Semana",
        "Data_Coleta": "2025-06-01 02:23:00"
    },
    {
        "ID_Produto": "706302",
        "Categoria_Scraping": "casa",
        "Nome": "Anti-calcário em Gel",
        "Marca": "Calgon",
        "Preco": 11.99,
        "Unidade_Info": "1.5 L | 7,99 €/L",
        "Categorias_GTM": "Poupe Esta Semana, Categoria Referência SFCC, Poupe Este Fim De Semana, Casa, Cuidado da Máquina",
        "Data_Coleta": "2025-06-01 02:23:00"
    },
    {
        "ID_Produto": "971384",
        "Categoria_Scraping": "casa",
        "Nome": "Formas Redondas para Air Fryer",
        "Marca": "Smukee",
        "Preco": 2.59,
        "Unidade_Info": "1 Un | 2,59 €/Un",
        "Categorias_GTM": "Casa, Artigos de Festa e Descartáveis, Categoria Referência SFCC",
        "Data_Coleta": "2025-06-01 02:23:06"
    },
    {
        "ID_Produto": "822006",
        "Categoria_Scraping": "casa",
        "Nome": "Ambientador Spray Anti-Tabaco",
        "Marca": "Ultra",
        "Preco": 0.99,
        "Unidade_Info": "0.3 L | 3,3 €/L",
        "Categorias_GTM": "Ambientadores, Ambientadores, Casa, As Nossas Marcas, Ultra",
        "Data_Coleta": "2025-06-01 02:23:06"
    },
    {
        "ID_Produto": "983819",
        "Categoria_Scraping": "casa",
        "Nome": "Percabonato de Sódio",
        "Marca": "Ultra",
        "Preco": 1.64,
        "Unidade_Info": "0.75 Kg | 2,19 €/Kg",
        "Categorias_GTM": "As Nossas Marcas, Ultra, Casa, Limpeza da Casa, Lixívia",
        "Data_Coleta": "2025-06-01 02:23:06"
    },
    {
        "ID_Produto": "916047",
        "Categoria_Scraping": "casa",
        "Nome": "LED Chama 25W E14 Quente",
        "Marca": "Philips",
        "Preco": 3.39,
        "Unidade_Info": "N/A",
        "Categorias_GTM": "Casa, Pilhas e Lâmpadas, Categoria Referência SFCC",
        "Data_Coleta": "2025-06-01 02:23:06"
    },
    {
        "ID_Produto": "736488",
        "Categoria_Scraping": "casa",
        "Nome": "Spray Desengordurante",
        "Marca": "Mistolin",
        "Preco": 3.39,
        "Unidade_Info": "0.545 L | 6,22 €/L",
        "Categorias_GTM": "Categoria Referência SFCC, Casa, Limpeza da Casa, Tira Gorduras",
        "Data_Coleta": "2025-06-01 02:23:06"
    },
    {
        "ID_Produto": "760158",
        "Categoria_Scraping": "casa",
        "Nome": "Bloco Sanitário Duplo Poder Ativo Pinho",
        "Marca": "Bref Sonasol",
        "Preco": 2.99,
        "Unidade_Info": "1 Un | 2,99 €/Un",
        "Categorias_GTM": "Poupe Esta Semana, Categoria Referência SFCC, Blocos Sanitários, Casa, Limpeza da Casa",
        "Data_Coleta": "2025-06-01 02:23:06"
    },
    {
        "ID_Produto": "764136",
        "Categoria_Scraping": "casa",
        "Nome": "Recarga Inseticida Elétrico Melgas e Mosquitos",
        "Marca": "Ultra",
        "Preco": 2.69,
        "Unidade_Info": "0.03 L | 89,67 €/L",
        "Categorias_GTM": "Categoria Referência SFCC, As Nossas Marcas, Ultra, Casa, Inseticidas",
        "Data_Coleta": "2025-06-01 02:23:06"
    },
    {
        "ID_Produto": "965742",
        "Categoria_Scraping": "casa",
        "Nome": "LED Classic 50W GU10 CW 36D RF ND1PFSRT4",
        "Marca": "Philips",
        "Preco": 5.69,
        "Unidade_Info": "N/A",
        "Categorias_GTM": "Casa, Pilhas e Lâmpadas, Categoria Referência SFCC",
        "Data_Coleta": "2025-06-01 02:23:06"
    },
    {
        "ID_Produto": "981625",
        "Categoria_Scraping": "casa",
        "Nome": "Vela Aniversário Nº3",
        "Marca": "Pingo Doce",
        "Preco": 0.99,
        "Unidade_Info": "1 Un | 0,99 €/Un",
        "Categorias_GTM": "As Nossas Marcas, Pingo Doce, Casa, Artigos de Festa e Descartáveis, Categoria Referência SFCC",
        "Data_Coleta": "2025-06-01 02:23:06"
    },
    {
        "ID_Produto": "981623",
        "Categoria_Scraping": "casa",
        "Nome": "Vela Aniversário Nº1",
        "Marca": "Pingo Doce",
        "Preco": 0.99,
        "Unidade_Info": "1 Un | 0,99 €/Un",
        "Categorias_GTM": "As Nossas Marcas, Pingo Doce, Casa, Artigos de Festa e Descartáveis, Categoria Referência SFCC",
        "Data_Coleta": "2025-06-01 02:23:06"
    },
    {
        "ID_Produto": "981630",
        "Categoria_Scraping": "casa",
        "Nome": "Vela Aniversário Nº8",
        "Marca": "Pingo Doce",
        "Preco": 0.99,
        "Unidade_Info": "1 Un | 0,99 €/Un",
        "Categorias_GTM": "As Nossas Marcas, Pingo Doce, Casa, Artigos de Festa e Descartáveis, Categoria Referência SFCC",
        "Data_Coleta": "2025-06-01 02:23:06"
    },
    {
        "ID_Produto": "983348",
        "Categoria_Scraping": "casa",
        "Nome": "Ambientador Spray Baunilha e Sandalo",
        "Marca": "Air Wick",
        "Preco": 5.99,
        "Unidade_Info": "1 Un | 5,99 €/Un",
        "Categorias_GTM": "Promoções, Ambientadores, Ambientadores, Casa, Poupe Esta Semana",
        "Data_Coleta": "2025-06-01 02:23:06"
    },
    {
        "ID_Produto": "486559",
        "Categoria_Scraping": "casa",
        "Nome": "Tinta Plástica Lisa",
        "Marca": "Brico 7",
        "Preco": 33.99,
        "Unidade_Info": "15 L | 2,27 €/L",
        "Categorias_GTM": "Poupe Esta Semana, Promoções, Categoria Referência SFCC, Bricolagem, Casa",
        "Data_Coleta": "2025-06-01 02:23:12"
    },
    {
        "ID_Produto": "529366",
        "Categoria_Scraping": "casa",
        "Nome": "Fita Montagem Indoor",
        "Marca": "Tesa",
        "Preco": 6.99,
        "Unidade_Info": "N/A",
        "Categorias_GTM": "Categoria Referência SFCC, Bricolagem, Casa",
        "Data_Coleta": "2025-06-01 02:23:12"
    },
    {
        "ID_Produto": "967009",
        "Categoria_Scraping": "casa",
        "Nome": "Ambientador Spray Neutro Algodão",
        "Marca": "Air Wick",
        "Preco": 2.99,
        "Unidade_Info": "1 Un | 2,99 €/Un",
        "Categorias_GTM": "Ambientadores, Ambientadores, Casa, Promoções, Poupe Esta Semana",
        "Data_Coleta": "2025-06-01 02:23:12"
    },
    {
        "ID_Produto": "704607",
        "Categoria_Scraping": "casa",
        "Nome": "Travessa 30x43cm, com Naperão 40x50cm",
        "Marca": "Home 7",
        "Preco": 1.09,
        "Unidade_Info": "1 Un | 1,09 €/Un",
        "Categorias_GTM": "Categoria Referência SFCC, Casa, Artigos de Festa e Descartáveis",
        "Data_Coleta": "2025-06-01 02:23:12"
    },
    {
        "ID_Produto": "941514",
        "Categoria_Scraping": "casa",
        "Nome": "Bloco Sanitário Blue Active Higiene",
        "Marca": "Bref Sonasol",
        "Preco": 2.99,
        "Unidade_Info": "1 Un | 2,99 €/Un",
        "Categorias_GTM": "Blocos Sanitários, Casa, Limpeza da Casa, Categoria Referência SFCC, Promoções",
        "Data_Coleta": "2025-06-01 02:23:12"
    },
    {
        "ID_Produto": "946159",
        "Categoria_Scraping": "casa",
        "Nome": "Spray Limpeza Sanitário Ultra Lixívia",
        "Marca": "Cif",
        "Preco": 1.99,
        "Unidade_Info": "0.5 L | 3,98 €/L",
        "Categorias_GTM": "Abrasivos, Casa, Limpeza da Casa, Categoria Referência SFCC, Promoções",
        "Data_Coleta": "2025-06-01 02:23:12"
    },
    {
        "ID_Produto": "770892",
        "Categoria_Scraping": "casa",
        "Nome": "Prato nº4",
        "Marca": "Terracota",
        "Preco": 0.69,
        "Unidade_Info": "N/A",
        "Categorias_GTM": "Categoria Referência SFCC, Poupe Esta Semana, Promoções, Casa, Jardim",
        "Data_Coleta": "2025-06-01 02:23:12"
    },
    {
        "ID_Produto": "965720",
        "Categoria_Scraping": "casa",
        "Nome": "Detergente Máquina Roupa Cápsulas Active Cores",
        "Marca": "Skip",
        "Preco": 8.99,
        "Unidade_Info": "32 Dos | 0,28 €/Dos",
        "Categorias_GTM": "Casa, Detergente, Roupa, Poupe Esta Semana, Promoções",
        "Data_Coleta": "2025-06-01 02:23:12"
    },
    {
        "ID_Produto": "865340",
        "Categoria_Scraping": "casa",
        "Nome": "Lava Tudo Magic Frescura da Montanha",
        "Marca": "Sonasol",
        "Preco": 2.09,
        "Unidade_Info": "1.3 L | 1,61 €/L",
        "Categorias_GTM": "Casa, Lava Tudo, Limpeza da Casa, Categoria Referência SFCC, Promoções",
        "Data_Coleta": "2025-06-01 02:23:12"
    },
    {
        "ID_Produto": "962316",
        "Categoria_Scraping": "casa",
        "Nome": "Detergente Loiça Manual Poder Limão Verde",
        "Marca": "Cif",
        "Preco": 1.99,
        "Unidade_Info": "1 L | 1,99 €/L",
        "Categorias_GTM": "Promoções, Poupe Esta Semana, Casa, Detergente Manual, Loiça",
        "Data_Coleta": "2025-06-01 02:23:12"
    },
    {
        "ID_Produto": "935395",
        "Categoria_Scraping": "casa",
        "Nome": "Mopa Kit Duplo Panos  Seco e Húmidos",
        "Marca": "Swiffer",
        "Preco": 13.98,
        "Unidade_Info": "11 Un | 1,27 €/Un",
        "Categorias_GTM": "Poupe Esta Semana, Categoria Referência SFCC, Acessórios, Casa, Limpeza da Casa",
        "Data_Coleta": "2025-06-01 02:23:12"
    },
    {
        "ID_Produto": "964140",
        "Categoria_Scraping": "casa",
        "Nome": "Pastilhas para Máquina Loiça All-In-One Limão",
        "Marca": "Sun",
        "Preco": 9.99,
        "Unidade_Info": "80 Un | 0,12 €/Un",
        "Categorias_GTM": "Casa, Detergente Máquina, Loiça, Promoções, Poupe Esta Semana",
        "Data_Coleta": "2025-06-01 02:23:12"
    },
    {
        "ID_Produto": "665113",
        "Categoria_Scraping": "casa",
        "Nome": "Recarga Ambientador Eléctrico Lavanda e Camomila",
        "Marca": "Air Wick",
        "Preco": 4.49,
        "Unidade_Info": "1 Un | 4,49 €/Un",
        "Categorias_GTM": "Categoria Referência SFCC, Poupe Esta Semana, Casa, Ambientadores, Ambientadores",
        "Data_Coleta": "2025-06-01 02:23:19"
    },
    {
        "ID_Produto": "640747",
        "Categoria_Scraping": "casa",
        "Nome": "Recarga Ambientador Mini Spray Relax Zen Touch & Fresh",
        "Marca": "Glade",
        "Preco": 2.39,
        "Unidade_Info": "0.01 L | 239 €/L",
        "Categorias_GTM": "Promoções, Ambientadores, Ambientadores, Casa, Categoria Referência SFCC",
        "Data_Coleta": "2025-06-01 02:23:19"
    },
    {
        "ID_Produto": "915872",
        "Categoria_Scraping": "casa",
        "Nome": "Pá para Lixo com Cabo Rebatível",
        "Marca": "Ultra",
        "Preco": 1.69,
        "Unidade_Info": "1 Un | 1,69 €/Un",
        "Categorias_GTM": "As Nossas Marcas, Ultra, Categoria Referência SFCC, Acessórios, Casa",
        "Data_Coleta": "2025-06-01 02:23:19"
    },
    {
        "ID_Produto": "915883",
        "Categoria_Scraping": "casa",
        "Nome": "Mopa Seca",
        "Marca": "Ultra",
        "Preco": 5.79,
        "Unidade_Info": "1 Un | 5,79 €/Un",
        "Categorias_GTM": "As Nossas Marcas, Ultra, Categoria Referência SFCC, Acessórios, Casa",
        "Data_Coleta": "2025-06-01 02:23:19"
    },
    {
        "ID_Produto": "878168",
        "Categoria_Scraping": "casa",
        "Nome": "Bloco Sanitário com Lixívia Blue Power",
        "Marca": "Ultra",
        "Preco": 1.74,
        "Unidade_Info": "1 Un | 1,74 €/Un",
        "Categorias_GTM": "Blocos Sanitários, Casa, Limpeza da Casa, As Nossas Marcas, Ultra",
        "Data_Coleta": "2025-06-01 02:23:19"
    },
    {
        "ID_Produto": "944195",
        "Categoria_Scraping": "casa",
        "Nome": "Spray Limpa Inox",
        "Marca": "Ultra",
        "Preco": 1.79,
        "Unidade_Info": "0.5 L | 3,58 €/L",
        "Categorias_GTM": "Casa, Limpeza da Casa, Limpeza Específica, Categoria Referência SFCC, As Nossas Marcas",
        "Data_Coleta": "2025-06-01 02:23:19"
    },
    {
        "ID_Produto": "660284",
        "Categoria_Scraping": "casa",
        "Nome": "Abrasivo Gel Sanitário",
        "Marca": "Ultra",
        "Preco": 1.29,
        "Unidade_Info": "1.5 L | 0,86 €/L",
        "Categorias_GTM": "Categoria Referência SFCC, As Nossas Marcas, Ultra, Abrasivos, Casa",
        "Data_Coleta": "2025-06-01 02:23:19"
    },
    {
        "ID_Produto": "915806",
        "Categoria_Scraping": "casa",
        "Nome": "Escova Lavadeira",
        "Marca": "Ultra",
        "Preco": 0.95,
        "Unidade_Info": "1 Un | 0,95 €/Un",
        "Categorias_GTM": "As Nossas Marcas, Ultra, Categoria Referência SFCC, Acessórios, Casa",
        "Data_Coleta": "2025-06-01 02:23:19"
    },
    {
        "ID_Produto": "959836",
        "Categoria_Scraping": "casa",
        "Nome": "Lava Tudo Desinfetante",
        "Marca": "Ultra",
        "Preco": 2.14,
        "Unidade_Info": "1.5 L | 1,43 €/L",
        "Categorias_GTM": "As Nossas Marcas, Ultra, Casa, Lava Tudo, Limpeza da Casa",
        "Data_Coleta": "2025-06-01 02:23:19"
    },
    {
        "ID_Produto": "865738",
        "Categoria_Scraping": "casa",
        "Nome": "Pano de Microfibras Colors",
        "Marca": "Vileda",
        "Preco": 4.65,
        "Unidade_Info": "4 Un | 1,16 €/Un",
        "Categorias_GTM": "Acessórios, Casa, Limpeza da Casa, Categoria Referência SFCC",
        "Data_Coleta": "2025-06-01 02:23:19"
    },
    {
        "ID_Produto": "906969",
        "Categoria_Scraping": "casa",
        "Nome": "Lava Tudo Perfume Floral",
        "Marca": "Ultra",
        "Preco": 0.99,
        "Unidade_Info": "2 L | 0,5 €/L",
        "Categorias_GTM": "As Nossas Marcas, Ultra, Casa, Lava Tudo, Limpeza da Casa",
        "Data_Coleta": "2025-06-01 02:23:19"
    },
    {
        "ID_Produto": "887045",
        "Categoria_Scraping": "casa",
        "Nome": "Spray Desinfetante Multiusos",
        "Marca": "Sonasol",
        "Preco": 3.05,
        "Unidade_Info": "0.5 L | 6,1 €/L",
        "Categorias_GTM": "Abrasivos, Limpeza da Casa, Casa, Categoria Referência SFCC",
        "Data_Coleta": "2025-06-01 02:23:19"
    },
    {
        "ID_Produto": "920846",
        "Categoria_Scraping": "casa",
        "Nome": "Pano Multiusos Microfibras",
        "Marca": "Ultra",
        "Preco": 1.99,
        "Unidade_Info": "3 Un | 0,66 €/Un",
        "Categorias_GTM": "As Nossas Marcas, Ultra, Categoria Referência SFCC, Acessórios, Casa",
        "Data_Coleta": "2025-06-01 02:23:25"
    },
    {
        "ID_Produto": "916375",
        "Categoria_Scraping": "casa",
        "Nome": "Pá para Lixo",
        "Marca": "Ultra",
        "Preco": 0.69,
        "Unidade_Info": "1 Un | 0,69 €/Un",
        "Categorias_GTM": "As Nossas Marcas, Ultra, Categoria Referência SFCC, Acessórios, Casa",
        "Data_Coleta": "2025-06-01 02:23:25"
    },
    {
        "ID_Produto": "890945",
        "Categoria_Scraping": "casa",
        "Nome": "Saco Lixo Super + 20 L",
        "Marca": "Vileda",
        "Preco": 1.69,
        "Unidade_Info": "15 Un | 0,11 €/Un",
        "Categorias_GTM": "Categoria Referência SFCC, Casa, Sacos do Lixo",
        "Data_Coleta": "2025-06-01 02:23:25"
    },
    {
        "ID_Produto": "895229",
        "Categoria_Scraping": "casa",
        "Nome": "Guardanapos 1 Folha Red Label",
        "Marca": "Renova",
        "Preco": 1.58,
        "Unidade_Info": "1 Un | 1,58 €/Un",
        "Categorias_GTM": "Categoria Referência SFCC, Casa, Guardanapos",
        "Data_Coleta": "2025-06-01 02:23:25"
    },
    {
        "ID_Produto": "899088",
        "Categoria_Scraping": "casa",
        "Nome": "Esponja Autobrilhante para Calçado Incolor",
        "Marca": "Home 7",
        "Preco": 1.39,
        "Unidade_Info": "1 Un | 1,39 €/Un",
        "Categorias_GTM": "Categoria Referência SFCC, Casa, Limpeza do Calçado",
        "Data_Coleta": "2025-06-01 02:23:25"
    },
    {
        "ID_Produto": "899279",
        "Categoria_Scraping": "casa",
        "Nome": "Spray Sanitário",
        "Marca": "Cillit Bang",
        "Preco": 2.49,
        "Unidade_Info": "0.5 L | 4,98 €/L",
        "Categorias_GTM": "Categoria Referência SFCC, Abrasivos, Casa, Limpeza da Casa, Poupe Esta Semana",
        "Data_Coleta": "2025-06-01 02:23:25"
    },
    {
        "ID_Produto": "776833",
        "Categoria_Scraping": "casa",
        "Nome": "Luvas Universais Médio/Grande",
        "Marca": "Home 7",
        "Preco": 0.69,
        "Unidade_Info": "1 Un | 0,69 €/Un",
        "Categorias_GTM": "Categoria Referência SFCC, Acessórios, Casa, Limpeza da Casa",
        "Data_Coleta": "2025-06-01 02:23:25"
    },
    {
        "ID_Produto": "920043",
        "Categoria_Scraping": "casa",
        "Nome": "Pilhas Alcalinas Plus AA",
        "Marca": "Duracell",
        "Preco": 10.99,
        "Unidade_Info": "N/A",
        "Categorias_GTM": "Categoria Referência SFCC, Casa, Pilhas e Lâmpadas",
        "Data_Coleta": "2025-06-01 02:23:25"
    },
    {
        "ID_Produto": "906970",
        "Categoria_Scraping": "casa",
        "Nome": "Lava Tudo Herbal",
        "Marca": "Ultra",
        "Preco": 0.99,
        "Unidade_Info": "2 L | 0,5 €/L",
        "Categorias_GTM": "As Nossas Marcas, Ultra, Casa, Lava Tudo, Limpeza da Casa",
        "Data_Coleta": "2025-06-01 02:23:25"
    },
    {
        "ID_Produto": "930268",
        "Categoria_Scraping": "casa",
        "Nome": "Detergente Máquina Roupa Cápsulas 4 em 1 Fresh Flowers",
        "Marca": "A+",
        "Preco": 9.99,
        "Unidade_Info": "46 Dos | 0,22 €/Dos",
        "Categorias_GTM": "Casa, Detergente, Roupa, Categoria Referência SFCC",
        "Data_Coleta": "2025-06-01 02:23:25"
    },
    {
        "ID_Produto": "666664",
        "Categoria_Scraping": "casa",
        "Nome": "Esfregão Fibra Verde com Esponja",
        "Marca": "Scotch-Brite",
        "Preco": 1.99,
        "Unidade_Info": "1 Un | 1,99 €/Un",
        "Categorias_GTM": "Categoria Referência SFCC, Acessórios, Casa, Limpeza da Casa",
        "Data_Coleta": "2025-06-01 02:23:25"
    },
    {
        "ID_Produto": "977883",
        "Categoria_Scraping": "casa",
        "Nome": "Detergente Máquina Roupa Líquido Sabão Natural",
        "Marca": "Ultra",
        "Preco": 7.19,
        "Unidade_Info": "100 Dos | 0,07 €/Dos",
        "Categorias_GTM": "As Nossas Marcas, Ultra, Casa, Detergente, Roupa",
        "Data_Coleta": "2025-06-01 02:23:25"
    },
    {
        "ID_Produto": "692249",
        "Categoria_Scraping": "casa",
        "Nome": "Luvas Universais Pequeno/Médio",
        "Marca": "Vileda",
        "Preco": 2.29,
        "Unidade_Info": "1 Un | 2,29 €/Un",
        "Categorias_GTM": "Categoria Referência SFCC, Acessórios, Casa, Limpeza da Casa",
        "Data_Coleta": "2025-06-01 02:23:32"
    },
    {
        "ID_Produto": "980545",
        "Categoria_Scraping": "casa",
        "Nome": "Bloco Sanitário Power 5 Unicórnio",
        "Marca": "Domestos",
        "Preco": 2.74,
        "Unidade_Info": "2 Un | 1,37 €/Un",
        "Categorias_GTM": "Blocos Sanitários, Casa, Limpeza da Casa, Poupe Esta Semana, Promoções",
        "Data_Coleta": "2025-06-01 02:23:32"
    },
    {
        "ID_Produto": "959905",
        "Categoria_Scraping": "casa",
        "Nome": "Pack 3 Lâmpadas A60/8W",
        "Marca": "Lethe",
        "Preco": 5.79,
        "Unidade_Info": "N/A",
        "Categorias_GTM": "Casa, Pilhas e Lâmpadas, Categoria Referência SFCC",
        "Data_Coleta": "2025-06-01 02:23:32"
    },
    {
        "ID_Produto": "802269",
        "Categoria_Scraping": "casa",
        "Nome": "Recarga Limpa Vidros Tripla Ação",
        "Marca": "Ajax",
        "Preco": 1.79,
        "Unidade_Info": "0.5 L | 3,58 €/L",
        "Categorias_GTM": "Categoria Referência SFCC, Casa, Limpa Vidros e Madeiras, Limpeza da Casa, Poupe Esta Semana",
        "Data_Coleta": "2025-06-01 02:23:32"
    },
    {
        "ID_Produto": "959906",
        "Categoria_Scraping": "casa",
        "Nome": "Amaciador Roupa Concentrado Ouro e Orquídea Branca",
        "Marca": "Quanto",
        "Preco": 5.99,
        "Unidade_Info": "132 Dos | 0,05 €/Dos",
        "Categorias_GTM": "Amaciador, Casa, Roupa, Categoria Referência SFCC",
        "Data_Coleta": "2025-06-01 02:23:32"
    },
    {
        "ID_Produto": "976797",
        "Categoria_Scraping": "casa",
        "Nome": "Esfregão com Sabão",
        "Marca": "Soffty",
        "Preco": 0.59,
        "Unidade_Info": "6 Un | 0,1 €/Un",
        "Categorias_GTM": "Acessórios, Casa, Limpeza da Casa, Categoria Referência SFCC",
        "Data_Coleta": "2025-06-01 02:23:32"
    },
    {
        "ID_Produto": "943980",
        "Categoria_Scraping": "casa",
        "Nome": "Lixívia Denso Pinho",
        "Marca": "Ultra",
        "Preco": 0.99,
        "Unidade_Info": "2 L | 0,5 €/L",
        "Categorias_GTM": "As Nossas Marcas, Ultra, Categoria Referência SFCC, Casa, Limpeza da Casa",
        "Data_Coleta": "2025-06-01 02:23:32"
    },
    {
        "ID_Produto": "943978",
        "Categoria_Scraping": "casa",
        "Nome": "Lixívia com Detergente",
        "Marca": "Ultra",
        "Preco": 1.25,
        "Unidade_Info": "2 L | 0,63 €/L",
        "Categorias_GTM": "As Nossas Marcas, Ultra, Categoria Referência SFCC, Casa, Limpeza da Casa",
        "Data_Coleta": "2025-06-01 02:23:32"
    },
    {
        "ID_Produto": "962599",
        "Categoria_Scraping": "casa",
        "Nome": "Recarga Rolo Tira Pelos",
        "Marca": "Home 7",
        "Preco": 1.99,
        "Unidade_Info": "2 Un | 1 €/Un",
        "Categorias_GTM": "Acessórios, Casa, Limpeza da Casa, Categoria Referência SFCC",
        "Data_Coleta": "2025-06-01 02:23:32"
    },
    {
        "ID_Produto": "983223",
        "Categoria_Scraping": "casa",
        "Nome": "Amaciador Roupa Concentrado Floral",
        "Marca": "Ultra",
        "Preco": 1.85,
        "Unidade_Info": "80 Dos | 0,02 €/Dos",
        "Categorias_GTM": "Amaciador, Casa, Roupa, As Nossas Marcas, Ultra",
        "Data_Coleta": "2025-06-01 02:23:32"
    },
    {
        "ID_Produto": "985800",
        "Categoria_Scraping": "casa",
        "Nome": "Recarga Ambientador Automático Fresh Escape",
        "Marca": "Ultra",
        "Preco": 1.79,
        "Unidade_Info": "0.25 L | 7,16 €/L",
        "Categorias_GTM": "Ambientadores, Ambientadores, Casa, As Nossas Marcas, Ultra",
        "Data_Coleta": "2025-06-01 02:23:32"
    },
    {
        "ID_Produto": "984346",
        "Categoria_Scraping": "casa",
        "Nome": "Recarga Ambientador Elétrico Baunilha",
        "Marca": "Nicols",
        "Preco": 1.74,
        "Unidade_Info": "0.02 L | 87 €/L",
        "Categorias_GTM": "Ambientadores, Ambientadores, Casa, Categoria Referência SFCC",
        "Data_Coleta": "2025-06-01 02:23:32"
    },
    {
        "ID_Produto": "331367",
        "Categoria_Scraping": "casa",
        "Nome": "Pilhas Alcalinas Plus AA",
        "Marca": "Duracell",
        "Preco": 4.49,
        "Unidade_Info": "0.1 Un | 44,9 €/Un",
        "Categorias_GTM": "Poupe Esta Semana, Promoções, Categoria Referência SFCC, Casa, Pilhas e Lâmpadas",
        "Data_Coleta": "2025-06-01 02:23:38"
    },
    {
        "ID_Produto": "964594",
        "Categoria_Scraping": "casa",
        "Nome": "Conjunto de 4 lâmpadas Globe",
        "Marca": "Lethe",
        "Preco": 7.99,
        "Unidade_Info": "N/A",
        "Categorias_GTM": "Casa, Pilhas e Lâmpadas, Categoria Referência SFCC",
        "Data_Coleta": "2025-06-01 02:23:38"
    },
    {
        "ID_Produto": "640741",
        "Categoria_Scraping": "casa",
        "Nome": "Ambientador em Spray Baunilha Exotic",
        "Marca": "Glade",
        "Preco": 2.39,
        "Unidade_Info": "0.3 L | 7,97 €/L",
        "Categorias_GTM": "Categoria Referência SFCC, Ambientadores, Ambientadores, Casa",
        "Data_Coleta": "2025-06-01 02:23:38"
    },
    {
        "ID_Produto": "942469",
        "Categoria_Scraping": "casa",
        "Nome": "Velas Tea Light Frutos Vermelhos",
        "Marca": "Bispol",
        "Preco": 4.99,
        "Unidade_Info": "N/A",
        "Categorias_GTM": "Casa, Pilhas e Lâmpadas, Categoria Referência SFCC",
        "Data_Coleta": "2025-06-01 02:23:38"
    },
    {
        "ID_Produto": "598477",
        "Categoria_Scraping": "casa",
        "Nome": "Forma Papel Branco  nº3",
        "Marca": "Home 7",
        "Preco": 0.99,
        "Unidade_Info": "100 Un | 0,01 €/Un",
        "Categorias_GTM": "Casa, Artigos de Festa e Descartáveis, Categoria Referência SFCC",
        "Data_Coleta": "2025-06-01 02:23:38"
    },
    {
        "ID_Produto": "378472",
        "Categoria_Scraping": "casa",
        "Nome": "Esfregão Normal Fibra Verde",
        "Marca": "Scotch-Brite",
        "Preco": 1.19,
        "Unidade_Info": "1 Un | 1,19 €/Un",
        "Categorias_GTM": "Casa, Acessórios, Limpeza da Casa, Categoria Referência SFCC",
        "Data_Coleta": "2025-06-01 02:23:38"
    },
    {
        "ID_Produto": "471347",
        "Categoria_Scraping": "casa",
        "Nome": "Ambientador Automático Freshmatic Lavanda e Camomila",
        "Marca": "Air Wick",
        "Preco": 7.19,
        "Unidade_Info": "0.25 L | 28,76 €/L",
        "Categorias_GTM": "Ambientadores, Ambientadores, Casa, Poupe Esta Semana, Categoria Referência SFCC",
        "Data_Coleta": "2025-06-01 02:23:38"
    },
    {
        "ID_Produto": "471439",
        "Categoria_Scraping": "casa",
        "Nome": "Recarga Ambientador Automático Lavandae Camomila Freshmatic",
        "Marca": "Air Wick",
        "Preco": 3.49,
        "Unidade_Info": "0.25 L | 13,96 €/L",
        "Categorias_GTM": "Ambientadores, Ambientadores, Casa, Poupe Esta Semana, Categoria Referência SFCC",
        "Data_Coleta": "2025-06-01 02:23:38"
    },
    {
        "ID_Produto": "750667",
        "Categoria_Scraping": "casa",
        "Nome": "Abrasivo Creme Tradicional",
        "Marca": "Ultra",
        "Preco": 1.19,
        "Unidade_Info": "0.75 L | 1,59 €/L",
        "Categorias_GTM": "Abrasivos, Casa, Limpeza da Casa, Categoria Referência SFCC, As Nossas Marcas",
        "Data_Coleta": "2025-06-01 02:23:38"
    },
    {
        "ID_Produto": "929887",
        "Categoria_Scraping": "casa",
        "Nome": "24 Balões Azuis",
        "Marca": "Fancy Brands",
        "Preco": 1.69,
        "Unidade_Info": "24 Un | 0,07 €/Un",
        "Categorias_GTM": "Casa, Artigos de Festa e Descartáveis, Categoria Referência SFCC",
        "Data_Coleta": "2025-06-01 02:23:38"
    },
    {
        "ID_Produto": "930382",
        "Categoria_Scraping": "casa",
        "Nome": "Facas de Madeira",
        "Marca": "Pingo Doce",
        "Preco": 0.99,
        "Unidade_Info": "10 Un | 0,1 €/Un",
        "Categorias_GTM": "Casa, Artigos de Festa e Descartáveis, As Nossas Marcas, Pingo Doce, Categoria Referência SFCC",
        "Data_Coleta": "2025-06-01 02:23:38"
    },
    {
        "ID_Produto": "933272",
        "Categoria_Scraping": "casa",
        "Nome": "Ambientador com Aroma Reeds Zen",
        "Marca": "Glade",
        "Preco": 5.99,
        "Unidade_Info": "0.08 L | 74,88 €/L",
        "Categorias_GTM": "Ambientadores, Ambientadores, Casa, Categoria Referência SFCC, Poupe Esta Semana",
        "Data_Coleta": "2025-06-01 02:23:38"
    },
    {
        "ID_Produto": "485303",
        "Categoria_Scraping": "casa",
        "Nome": "Carvão Vegetal",
        "Marca": "Home 7",
        "Preco": 5.49,
        "Unidade_Info": "5 Kg | 1,1 €/Kg",
        "Categorias_GTM": "Categoria Referência SFCC, Acendalhas, Carvão e Fósforos, Casa",
        "Data_Coleta": "2025-06-01 02:23:45"
    },
    {
        "ID_Produto": "691915",
        "Categoria_Scraping": "casa",
        "Nome": "Ambientador Stick Mulled Wine",
        "Marca": "Air Wick",
        "Preco": 5.99,
        "Unidade_Info": "1 Un | 5,99 €/Un",
        "Categorias_GTM": "Categoria Referência SFCC, Ambientadores, Ambientadores, Casa, Poupe Esta Semana",
        "Data_Coleta": "2025-06-01 02:23:45"
    },
    {
        "ID_Produto": "736592",
        "Categoria_Scraping": "casa",
        "Nome": "Recarga Ambientador Eléctrico White Bouquet Duo",
        "Marca": "Air Wick",
        "Preco": 5.49,
        "Unidade_Info": "1 Un | 5,49 €/Un",
        "Categorias_GTM": "Categoria Referência SFCC, Ambientadores, Casa, Ambientadores, Promoções",
        "Data_Coleta": "2025-06-01 02:23:45"
    },
    {
        "ID_Produto": "923485",
        "Categoria_Scraping": "casa",
        "Nome": "Luvas Nitrílica T8",
        "Marca": "Itools",
        "Preco": 0.99,
        "Unidade_Info": "N/A",
        "Categorias_GTM": "Casa, Pilhas e Lâmpadas, Categoria Referência SFCC",
        "Data_Coleta": "2025-06-01 02:23:45"
    },
    {
        "ID_Produto": "936288",
        "Categoria_Scraping": "casa",
        "Nome": "LED Classic 100W E27 CW A60 FR ND SRT4",
        "Marca": "Philips",
        "Preco": 7.99,
        "Unidade_Info": "N/A",
        "Categorias_GTM": "Categoria Referência SFCC, Casa, Pilhas e Lâmpadas",
        "Data_Coleta": "2025-06-01 02:23:45"
    },
    {
        "ID_Produto": "95803",
        "Categoria_Scraping": "casa",
        "Nome": "Super Cola 3",
        "Marca": "Loctite",
        "Preco": 6.19,
        "Unidade_Info": "0.005 Kg | 1238 €/Kg",
        "Categorias_GTM": "Categoria Referência SFCC, Casa, Bricolagem",
        "Data_Coleta": "2025-06-01 02:23:45"
    },
    {
        "ID_Produto": "367688",
        "Categoria_Scraping": "casa",
        "Nome": "Super Cola 3 Líquida Nº1",
        "Marca": "Loctite",
        "Preco": 4.09,
        "Unidade_Info": "0.003 Kg | 1363,33 €/Kg",
        "Categorias_GTM": "Bricolagem, Casa, Categoria Referência SFCC",
        "Data_Coleta": "2025-06-01 02:23:45"
    },
    {
        "ID_Produto": "827261",
        "Categoria_Scraping": "casa",
        "Nome": "Luvas Descartáveis Multiusos Látex Pequenas/Médias",
        "Marca": "Vileda",
        "Preco": 2.49,
        "Unidade_Info": "10 Un | 0,25 €/Un",
        "Categorias_GTM": "Categoria Referência SFCC, Acessórios, Casa, Limpeza da Casa",
        "Data_Coleta": "2025-06-01 02:23:45"
    },
    {
        "ID_Produto": "822673",
        "Categoria_Scraping": "casa",
        "Nome": "Detergente em Gel Máquina Loiça Power All in 1 Limão",
        "Marca": "Finish",
        "Preco": 9.49,
        "Unidade_Info": "50 Dos | 0,19 €/Dos",
        "Categorias_GTM": "Poupe Esta Semana, Casa, Detergente Máquina, Loiça, Categoria Referência SFCC",
        "Data_Coleta": "2025-06-01 02:23:45"
    },
    {
        "ID_Produto": "724364",
        "Categoria_Scraping": "casa",
        "Nome": "Recarga Ambientador Elétrico Duo Baunilha e Orquídea",
        "Marca": "Air Wick",
        "Preco": 5.49,
        "Unidade_Info": "2 Un | 2,75 €/Un",
        "Categorias_GTM": "Poupe Esta Semana, Categoria Referência SFCC, Ambientadores, Ambientadores, Casa",
        "Data_Coleta": "2025-06-01 02:23:45"
    },
    {
        "ID_Produto": "979133",
        "Categoria_Scraping": "casa",
        "Nome": "Conjunto 2 LEDS A60 7W E27 600L F Lethe",
        "Marca": "Lethe",
        "Preco": 4.29,
        "Unidade_Info": "N/A",
        "Categorias_GTM": "Casa, Pilhas e Lâmpadas, Categoria Referência SFCC",
        "Data_Coleta": "2025-06-01 02:23:45"
    },
    {
        "ID_Produto": "834521",
        "Categoria_Scraping": "casa",
        "Nome": "Gel Sanitário Brisa Marinha",
        "Marca": "Neoblanc",
        "Preco": 2.29,
        "Unidade_Info": "0.7 L | 3,27 €/L",
        "Categorias_GTM": "Abrasivos, Casa, Limpeza da Casa, Categoria Referência SFCC",
        "Data_Coleta": "2025-06-01 02:23:45"
    },
    {
        "ID_Produto": "52907",
        "Categoria_Scraping": "casa",
        "Nome": "Recarga de Insecticida Líquido",
        "Marca": "Bio Kill",
        "Preco": 3.64,
        "Unidade_Info": "0.375 L | 9,71 €/L",
        "Categorias_GTM": "Categoria Referência SFCC, Casa, Inseticidas, Poupe Este Fim De Semana, Poupe Esta Semana",
        "Data_Coleta": "2025-06-01 02:23:52"
    },
    {
        "ID_Produto": "43826",
        "Categoria_Scraping": "casa",
        "Nome": "Inseticida com Espuma Activa",
        "Marca": "Baygon",
        "Preco": 5.74,
        "Unidade_Info": "0.4 L | 14,35 €/L",
        "Categorias_GTM": "Casa, Inseticidas, Categoria Referência SFCC, Poupe Este Fim De Semana, Poupe Esta Semana",
        "Data_Coleta": "2025-06-01 02:23:52"
    },
    {
        "ID_Produto": "741736",
        "Categoria_Scraping": "casa",
        "Nome": "Desumificador",
        "Marca": "Home 7",
        "Preco": 4.49,
        "Unidade_Info": "0.45 Kg | 9,98 €/Kg",
        "Categorias_GTM": "Categoria Referência SFCC, Casa",
        "Data_Coleta": "2025-06-01 02:23:52"
    },
    {
        "ID_Produto": "733219",
        "Categoria_Scraping": "casa",
        "Nome": "Fósforos Longos",
        "Marca": "Home 7",
        "Preco": 1.49,
        "Unidade_Info": "3 Un | 0,5 €/Un",
        "Categorias_GTM": "Categoria Referência SFCC, Acendalhas, Carvão e Fósforos, Casa",
        "Data_Coleta": "2025-06-01 02:23:52"
    },
    {
        "ID_Produto": "732592",
        "Categoria_Scraping": "casa",
        "Nome": "Forma de Alumínio Retangular 2100ml",
        "Marca": "Home 7",
        "Preco": 4.79,
        "Unidade_Info": "1 Un | 4,79 €/Un",
        "Categorias_GTM": "Categoria Referência SFCC, Casa, Artigos de Festa e Descartáveis",
        "Data_Coleta": "2025-06-01 02:23:52"
    },
    {
        "ID_Produto": "988115",
        "Categoria_Scraping": "casa",
        "Nome": "Ambientador Stick Perfumado Rose Garden",
        "Marca": "Ultra",
        "Preco": 2.79,
        "Unidade_Info": "0.05 L | 55,8 €/L",
        "Categorias_GTM": "As Nossas Marcas, Ultra, Ambientadores, Ambientadores, Casa",
        "Data_Coleta": "2025-06-01 02:23:52"
    },
    {
        "ID_Produto": "750668",
        "Categoria_Scraping": "casa",
        "Nome": "Abrasivo Creme Limão",
        "Marca": "Ultra",
        "Preco": 1.19,
        "Unidade_Info": "0.75 L | 1,59 €/L",
        "Categorias_GTM": "Categoria Referência SFCC, Abrasivos, Casa, Limpeza da Casa, As Nossas Marcas",
        "Data_Coleta": "2025-06-01 02:23:52"
    },
    {
        "ID_Produto": "815061",
        "Categoria_Scraping": "casa",
        "Nome": "Ambientador Stick Life Scents Delícia de Verão",
        "Marca": "Air Wick",
        "Preco": 5.99,
        "Unidade_Info": "1 Un | 5,99 €/Un",
        "Categorias_GTM": "Poupe Esta Semana, Ambientadores, Ambientadores, Casa, Promoções",
        "Data_Coleta": "2025-06-01 02:23:52"
    },
    {
        "ID_Produto": "822014",
        "Categoria_Scraping": "casa",
        "Nome": "Ambientador Spray Lavanda",
        "Marca": "Ultra",
        "Preco": 0.99,
        "Unidade_Info": "0.3 L | 3,3 €/L",
        "Categorias_GTM": "As Nossas Marcas, Ultra, Ambientadores, Ambientadores, Casa",
        "Data_Coleta": "2025-06-01 02:23:52"
    },
    {
        "ID_Produto": "987492",
        "Categoria_Scraping": "casa",
        "Nome": "Perfumador e Amaciador Sakura",
        "Marca": "Ultra",
        "Preco": 3.29,
        "Unidade_Info": "34 Dos | 0,1 €/Dos",
        "Categorias_GTM": "As Nossas Marcas, Ultra, Amaciador, Casa, Roupa",
        "Data_Coleta": "2025-06-01 02:23:52"
    },
    {
        "ID_Produto": "909467",
        "Categoria_Scraping": "casa",
        "Nome": "Recarga Ambientador Elétrico Lavanda",
        "Marca": "Air Wick",
        "Preco": 3.59,
        "Unidade_Info": "1 Un | 3,59 €/Un",
        "Categorias_GTM": "Ambientadores, Ambientadores, Casa, Promoções, Poupe Esta Semana",
        "Data_Coleta": "2025-06-01 02:23:52"
    },
    {
        "ID_Produto": "859408",
        "Categoria_Scraping": "casa",
        "Nome": "Anti-Bolores Spray",
        "Marca": "Cif",
        "Preco": 2.49,
        "Unidade_Info": "0.435 L | 5,72 €/L",
        "Categorias_GTM": "Abrasivos, Casa, Limpeza da Casa, Promoções, Poupe Este Fim De Semana",
        "Data_Coleta": "2025-06-01 02:23:52"
    },
    {
        "ID_Produto": "861033",
        "Categoria_Scraping": "casa",
        "Nome": "Bloco Sanitário Blue Active Eucalipto",
        "Marca": "Bref Sonasol",
        "Preco": 2.99,
        "Unidade_Info": "1 Un | 2,99 €/Un",
        "Categorias_GTM": "Blocos Sanitários, Casa, Limpeza da Casa, Promoções, Poupe Esta Semana",
        "Data_Coleta": "2025-06-01 02:23:59"
    },
    {
        "ID_Produto": "880948",
        "Categoria_Scraping": "casa",
        "Nome": "Bloco Sanitário Active Eucalipto",
        "Marca": "Bref Sonasol",
        "Preco": 4.39,
        "Unidade_Info": "1 Un | 4,39 €/Un",
        "Categorias_GTM": "Blocos Sanitários, Casa, Limpeza da Casa, Poupe Esta Semana, Categoria Referência SFCC",
        "Data_Coleta": "2025-06-01 02:23:59"
    },
    {
        "ID_Produto": "890839",
        "Categoria_Scraping": "casa",
        "Nome": "Spray Madeiras",
        "Marca": "Cif",
        "Preco": 2.39,
        "Unidade_Info": "0.435 L | 5,49 €/L",
        "Categorias_GTM": "Poupe Esta Semana, Categoria Referência SFCC, Casa, Lava Tudo, Limpeza da Casa",
        "Data_Coleta": "2025-06-01 02:23:59"
    },
    {
        "ID_Produto": "917202",
        "Categoria_Scraping": "casa",
        "Nome": "Recargas Ambientador Freshmatic Delícias de Verão",
        "Marca": "Air Wick",
        "Preco": 5.19,
        "Unidade_Info": "1 Un | 5,19 €/Un",
        "Categorias_GTM": "Promoções, Poupe Esta Semana, Categoria Referência SFCC, Ambientadores, Ambientadores",
        "Data_Coleta": "2025-06-01 02:23:59"
    },
    {
        "ID_Produto": "975514",
        "Categoria_Scraping": "casa",
        "Nome": "Spray Creme Branco",
        "Marca": "Cif",
        "Preco": 2.69,
        "Unidade_Info": "0.75 L | 3,59 €/L",
        "Categorias_GTM": "Promoções, Abrasivos, Casa, Limpeza da Casa, Poupe Esta Semana",
        "Data_Coleta": "2025-06-01 02:23:59"
    },
    {
        "ID_Produto": "977943",
        "Categoria_Scraping": "casa",
        "Nome": "Pastilhas para Máquina Loiça Quantum Limão",
        "Marca": "Finish",
        "Preco": 5.99,
        "Unidade_Info": "28 Un | 0,21 €/Un",
        "Categorias_GTM": "Promoções, Casa, Detergente Máquina, Loiça, Poupe Esta Semana",
        "Data_Coleta": "2025-06-01 02:23:59"
    },
    {
        "ID_Produto": "964374",
        "Categoria_Scraping": "casa",
        "Nome": "Bloco Sanitário Spa Harmonia",
        "Marca": "Bref Sonasol",
        "Preco": 3.39,
        "Unidade_Info": "2 Un | 1,7 €/Un",
        "Categorias_GTM": "Blocos Sanitários, Casa, Limpeza da Casa, Promoções, Poupe Esta Semana",
        "Data_Coleta": "2025-06-01 02:23:59"
    },
    {
        "ID_Produto": "962060",
        "Categoria_Scraping": "casa",
        "Nome": "Cesto Arrumação",
        "Marca": "Smukee",
        "Preco": 9.99,
        "Unidade_Info": "N/A",
        "Categorias_GTM": "Poupe Esta Semana, Promoções, Acessórios, Casa, Roupa",
        "Data_Coleta": "2025-06-01 02:23:59"
    },
    {
        "ID_Produto": "967005",
        "Categoria_Scraping": "casa",
        "Nome": "Recarga Ambientador Difusor Freshmatic Apple Crumble",
        "Marca": "Air Wick",
        "Preco": 5.19,
        "Unidade_Info": "1 Un | 5,19 €/Un",
        "Categorias_GTM": "Ambientadores, Ambientadores, Casa, Promoções, Poupe Esta Semana",
        "Data_Coleta": "2025-06-01 02:23:59"
    },
    {
        "ID_Produto": "866740",
        "Categoria_Scraping": "casa",
        "Nome": "Recarga Ambientador Portátil Relax Zen, Lavanda e Jasmim",
        "Marca": "Glade",
        "Preco": 7.58,
        "Unidade_Info": "1 Un | 7,58 €/Un",
        "Categorias_GTM": "Ambientadores, Ambientadores, Casa, Promoções, Poupe Esta Semana",
        "Data_Coleta": "2025-06-01 02:23:59"
    },
    {
        "ID_Produto": "969139",
        "Categoria_Scraping": "casa",
        "Nome": "Espanador XXL com 2 Jack Junior",
        "Marca": "Swiffer",
        "Preco": 5.99,
        "Unidade_Info": "2 Un | 3 €/Un",
        "Categorias_GTM": "Acessórios, Casa, Limpeza da Casa, Promoções, Poupe Esta Semana",
        "Data_Coleta": "2025-06-01 02:23:59"
    },
    {
        "ID_Produto": "860833",
        "Categoria_Scraping": "casa",
        "Nome": "Ambientador Essential Mistura de Citrus",
        "Marca": "Air Wick",
        "Preco": 11.99,
        "Unidade_Info": "1 Un | 11,99 €/Un",
        "Categorias_GTM": "Ambientadores, Ambientadores, Casa, Promoções, Poupe Esta Semana",
        "Data_Coleta": "2025-06-01 02:23:59"
    },
    {
        "ID_Produto": "887104",
        "Categoria_Scraping": "casa",
        "Nome": "Conjunto 4 Palhinhas Reutilizável",
        "Marca": "Smukee",
        "Preco": 1.99,
        "Unidade_Info": "N/A",
        "Categorias_GTM": "Poupe Esta Semana, Promoções, Categoria Referência SFCC, Acessórios, Casa",
        "Data_Coleta": "2025-06-01 02:24:06"
    },
    {
        "ID_Produto": "945168",
        "Categoria_Scraping": "casa",
        "Nome": "Bloco Sanitário Floral",
        "Marca": "Bref Sonasol",
        "Preco": 2.99,
        "Unidade_Info": "2 Un | 1,5 €/Un",
        "Categorias_GTM": "Categoria Referência SFCC, Poupe Esta Semana, Blocos Sanitários, Casa, Limpeza da Casa",
        "Data_Coleta": "2025-06-01 02:24:06"
    },
    {
        "ID_Produto": "952429",
        "Categoria_Scraping": "casa",
        "Nome": "Detergente Loiça Manual Ultra Limão",
        "Marca": "Fairy",
        "Preco": 4.99,
        "Unidade_Info": "1.25 L | 3,99 €/L",
        "Categorias_GTM": "Promoções, Categoria Referência SFCC, Poupe Esta Semana, Casa, Detergente Manual",
        "Data_Coleta": "2025-06-01 02:24:06"
    },
    {
        "ID_Produto": "955712",
        "Categoria_Scraping": "casa",
        "Nome": "Vaso Apolo",
        "Marca": "Plástico Forte",
        "Preco": 4.49,
        "Unidade_Info": "N/A",
        "Categorias_GTM": "Casa, Jardim, Categoria Referência SFCC, Poupe Esta Semana, Promoções",
        "Data_Coleta": "2025-06-01 02:24:06"
    },
    {
        "ID_Produto": "925034",
        "Categoria_Scraping": "casa",
        "Nome": "Pré-lavagem em Spray Tira Gorduras",
        "Marca": "Vanish",
        "Preco": 4.49,
        "Unidade_Info": "0.75 L | 5,99 €/L",
        "Categorias_GTM": "Promoções, Casa, Roupa, Poupe Esta Semana, Categoria Referência SFCC",
        "Data_Coleta": "2025-06-01 02:24:06"
    },
    {
        "ID_Produto": "558685",
        "Categoria_Scraping": "casa",
        "Nome": "Abrilhantador da Máquina Loiça",
        "Marca": "Ultra",
        "Preco": 1.39,
        "Unidade_Info": "1 L | 1,39 €/L",
        "Categorias_GTM": "Categoria Referência SFCC, Aditivos, Sal e Abrilhantadores, Casa, Loiça, As Nossas Marcas",
        "Data_Coleta": "2025-06-01 02:24:06"
    },
    {
        "ID_Produto": "898233",
        "Categoria_Scraping": "casa",
        "Nome": "Lava Tudo Amoniacal",
        "Marca": "Ultra",
        "Preco": 0.79,
        "Unidade_Info": "2 L | 0,4 €/L",
        "Categorias_GTM": "As Nossas Marcas, Ultra, Categoria Referência SFCC, Casa, Lava Tudo",
        "Data_Coleta": "2025-06-01 02:24:06"
    },
    {
        "ID_Produto": "849386",
        "Categoria_Scraping": "casa",
        "Nome": "Ambientador Automático + Recarga Refreshing e Lavanda",
        "Marca": "Glade",
        "Preco": 7.58,
        "Unidade_Info": "1 Un | 7,58 €/Un",
        "Categorias_GTM": "Categoria Referência SFCC, Poupe Esta Semana, Ambientadores, Ambientadores, Casa",
        "Data_Coleta": "2025-06-01 02:24:06"
    },
    {
        "ID_Produto": "571964",
        "Categoria_Scraping": "casa",
        "Nome": "Água Perfumada para Engomar Flores Campestres",
        "Marca": "Ultra",
        "Preco": 0.65,
        "Unidade_Info": "1 L | 0,65 €/L",
        "Categorias_GTM": "Categoria Referência SFCC, Casa, Roupa, As Nossas Marcas, Ultra",
        "Data_Coleta": "2025-06-01 02:24:06"
    },
    {
        "ID_Produto": "915807",
        "Categoria_Scraping": "casa",
        "Nome": "Escova de Unhas",
        "Marca": "Ultra",
        "Preco": 1.49,
        "Unidade_Info": "1 Un | 1,49 €/Un",
        "Categorias_GTM": "As Nossas Marcas, Ultra, Categoria Referência SFCC, Acessórios, Casa",
        "Data_Coleta": "2025-06-01 02:24:06"
    },
    {
        "ID_Produto": "943047",
        "Categoria_Scraping": "casa",
        "Nome": "Saco Lixo Fecho Fácil 30 L",
        "Marca": "Pingo Doce",
        "Preco": 1,
        "Unidade_Info": "20 Un | 0,05 €/Un",
        "Categorias_GTM": "Casa, Sacos do Lixo, Categoria Referência SFCC, As Nossas Marcas, Pingo Doce",
        "Data_Coleta": "2025-06-01 02:24:06"
    },
    {
        "ID_Produto": "901723",
        "Categoria_Scraping": "casa",
        "Nome": "Detergente Loiça Manual Limão Verde",
        "Marca": "Ultra",
        "Preco": 1.29,
        "Unidade_Info": "0.5 L | 2,58 €/L",
        "Categorias_GTM": "As Nossas Marcas, Ultra, Categoria Referência SFCC, Casa, Detergente Manual",
        "Data_Coleta": "2025-06-01 02:24:06"
    },
    {
        "ID_Produto": "910187",
        "Categoria_Scraping": "casa",
        "Nome": "Pano Esponja",
        "Marca": "Ultra",
        "Preco": 0.69,
        "Unidade_Info": "3 Un | 0,23 €/Un",
        "Categorias_GTM": "Acessórios, Casa, Limpeza da Casa, As Nossas Marcas, Ultra",
        "Data_Coleta": "2025-06-01 02:24:13"
    },
    {
        "ID_Produto": "915801",
        "Categoria_Scraping": "casa",
        "Nome": "Espremedor para Balde",
        "Marca": "Ultra",
        "Preco": 1.19,
        "Unidade_Info": "1 Un | 1,19 €/Un",
        "Categorias_GTM": "As Nossas Marcas, Ultra, Categoria Referência SFCC, Acessórios, Casa",
        "Data_Coleta": "2025-06-01 02:24:13"
    },
    {
        "ID_Produto": "915867",
        "Categoria_Scraping": "casa",
        "Nome": "Desentupidor de Fole",
        "Marca": "Ultra",
        "Preco": 1.99,
        "Unidade_Info": "1 Un | 1,99 €/Un",
        "Categorias_GTM": "As Nossas Marcas, Ultra, Categoria Referência SFCC, Acessórios, Casa",
        "Data_Coleta": "2025-06-01 02:24:13"
    },
    {
        "ID_Produto": "892765",
        "Categoria_Scraping": "casa",
        "Nome": "Lixívia Tradicional",
        "Marca": "Ultra",
        "Preco": 1.69,
        "Unidade_Info": "5 L | 0,34 €/L",
        "Categorias_GTM": "As Nossas Marcas, Ultra, Categoria Referência SFCC, Casa, Limpeza da Casa",
        "Data_Coleta": "2025-06-01 02:24:13"
    },
    {
        "ID_Produto": "931687",
        "Categoria_Scraping": "casa",
        "Nome": "Spray Gel Limpa Vidros",
        "Marca": "Ultra",
        "Preco": 0.99,
        "Unidade_Info": "0.5 L | 1,98 €/L",
        "Categorias_GTM": "As Nossas Marcas, Ultra, Categoria Referência SFCC, Casa, Limpa Vidros e Madeiras",
        "Data_Coleta": "2025-06-01 02:24:13"
    },
    {
        "ID_Produto": "932565",
        "Categoria_Scraping": "casa",
        "Nome": "Restaurador Chão Madeira Médio Clara",
        "Marca": "Splendor",
        "Preco": 5.39,
        "Unidade_Info": "0.5 L | 10,78 €/L",
        "Categorias_GTM": "Categoria Referência SFCC, Casa, Limpeza da Casa, Limpeza Específica",
        "Data_Coleta": "2025-06-01 02:24:13"
    },
    {
        "ID_Produto": "871991",
        "Categoria_Scraping": "casa",
        "Nome": "Gel Sanitário Pinho",
        "Marca": "Ultra",
        "Preco": 0.99,
        "Unidade_Info": "1 L | 0,99 €/L",
        "Categorias_GTM": "As Nossas Marcas, Ultra, Categoria Referência SFCC, Abrasivos, Casa",
        "Data_Coleta": "2025-06-01 02:24:13"
    },
    {
        "ID_Produto": "912128",
        "Categoria_Scraping": "casa",
        "Nome": "Spray Multiusos com Lixívia",
        "Marca": "Ajax",
        "Preco": 1.99,
        "Unidade_Info": "0.5 L | 3,98 €/L",
        "Categorias_GTM": "Abrasivos, Casa, Limpeza da Casa, Categoria Referência SFCC, Poupe Este Fim De Semana",
        "Data_Coleta": "2025-06-01 02:24:13"
    },
    {
        "ID_Produto": "912185",
        "Categoria_Scraping": "casa",
        "Nome": "Desentupidor de Canos Gel",
        "Marca": "Ultra",
        "Preco": 1.69,
        "Unidade_Info": "1 L | 1,69 €/L",
        "Categorias_GTM": "Casa, Limpeza da Casa, Lixívia, As Nossas Marcas, Ultra",
        "Data_Coleta": "2025-06-01 02:24:13"
    },
    {
        "ID_Produto": "920248",
        "Categoria_Scraping": "casa",
        "Nome": "Pré-lavagem em Spray",
        "Marca": "Ultra",
        "Preco": 1.99,
        "Unidade_Info": "1 L | 1,99 €/L",
        "Categorias_GTM": "As Nossas Marcas, Ultra, Categoria Referência SFCC, Casa, Roupa",
        "Data_Coleta": "2025-06-01 02:24:13"
    },
    {
        "ID_Produto": "888234",
        "Categoria_Scraping": "casa",
        "Nome": "Esfregona Premium Completa 2 em 1",
        "Marca": "Vileda",
        "Preco": 8.99,
        "Unidade_Info": "1 Un | 8,99 €/Un",
        "Categorias_GTM": "Acessórios, Casa, Limpeza da Casa, Categoria Referência SFCC",
        "Data_Coleta": "2025-06-01 02:24:13"
    },
    {
        "ID_Produto": "932282",
        "Categoria_Scraping": "casa",
        "Nome": "Molas para Roupa",
        "Marca": "Ultra",
        "Preco": 1.49,
        "Unidade_Info": "1 Un | 1,49 €/Un",
        "Categorias_GTM": "As Nossas Marcas, Ultra, Categoria Referência SFCC, Casa, Roupa",
        "Data_Coleta": "2025-06-01 02:24:13"
    },
    {
        "ID_Produto": "889562",
        "Categoria_Scraping": "casa",
        "Nome": "Creme para Calçado Autobrilhante Castanho",
        "Marca": "Home 7",
        "Preco": 1.19,
        "Unidade_Info": "0.04 L | 29,75 €/L",
        "Categorias_GTM": "Categoria Referência SFCC, Casa, Limpeza do Calçado",
        "Data_Coleta": "2025-06-01 02:24:20"
    },
    {
        "ID_Produto": "903338",
        "Categoria_Scraping": "casa",
        "Nome": "Saco do Lixo 30 L",
        "Marca": "Fapil",
        "Preco": 1.79,
        "Unidade_Info": "15 Un | 0,12 €/Un",
        "Categorias_GTM": "Casa, Sacos do Lixo, Categoria Referência SFCC",
        "Data_Coleta": "2025-06-01 02:24:20"
    },
    {
        "ID_Produto": "897689",
        "Categoria_Scraping": "casa",
        "Nome": "Spray Anti-Calcário",
        "Marca": "Cillit Bang",
        "Preco": 2.49,
        "Unidade_Info": "0.5 L | 4,98 €/L",
        "Categorias_GTM": "Categoria Referência SFCC, Abrasivos, Casa, Limpeza da Casa, Poupe Esta Semana",
        "Data_Coleta": "2025-06-01 02:24:20"
    },
    {
        "ID_Produto": "802268",
        "Categoria_Scraping": "casa",
        "Nome": "Recarga Limpa Vidros Cristal Anti Embaciamento",
        "Marca": "Ajax",
        "Preco": 1.79,
        "Unidade_Info": "0.5 L | 3,58 €/L",
        "Categorias_GTM": "Categoria Referência SFCC, Casa, Limpa Vidros e Madeiras, Limpeza da Casa, Poupe Este Fim De Semana",
        "Data_Coleta": "2025-06-01 02:24:20"
    },
    {
        "ID_Produto": "839107",
        "Categoria_Scraping": "casa",
        "Nome": "Lava Tudo Magic Lavanda",
        "Marca": "Sonasol",
        "Preco": 2.09,
        "Unidade_Info": "1.3 L | 1,61 €/L",
        "Categorias_GTM": "Poupe Esta Semana, Casa, Lava Tudo, Limpeza da Casa, Categoria Referência SFCC",
        "Data_Coleta": "2025-06-01 02:24:20"
    },
    {
        "ID_Produto": "979103",
        "Categoria_Scraping": "casa",
        "Nome": "Detergente Máquina Roupa Líquido Ciclos Curtos Eficácia",
        "Marca": "Skip",
        "Preco": 9.99,
        "Unidade_Info": "54 Dos | 0,19 €/Dos",
        "Categorias_GTM": "Poupe Esta Semana, Promoções, Casa, Detergente, Roupa",
        "Data_Coleta": "2025-06-01 02:24:20"
    },
    {
        "ID_Produto": "957479",
        "Categoria_Scraping": "casa",
        "Nome": "Sistema Turbo Smart Esfregona Microfibras e Balde com Pedal",
        "Marca": "Vileda",
        "Preco": 42.79,
        "Unidade_Info": "1 Un | 42,79 €/Un",
        "Categorias_GTM": "Categoria Referência SFCC, Acessórios, Casa, Limpeza da Casa",
        "Data_Coleta": "2025-06-01 02:24:20"
    },
    {
        "ID_Produto": "655609",
        "Categoria_Scraping": "casa",
        "Nome": "Limpa Móveis Aerossol",
        "Marca": "Ultra",
        "Preco": 1.59,
        "Unidade_Info": "0.3 L | 5,3 €/L",
        "Categorias_GTM": "As Nossas Marcas, Ultra, Categoria Referência SFCC, Casa, Limpa Vidros e Madeiras",
        "Data_Coleta": "2025-06-01 02:24:20"
    },
    {
        "ID_Produto": "960340",
        "Categoria_Scraping": "casa",
        "Nome": "Detergente Máquina Roupa Pó Sabão Natural",
        "Marca": "Skip",
        "Preco": 13.99,
        "Unidade_Info": "100 Dos | 0,14 €/Dos",
        "Categorias_GTM": "Promoções, Poupe Esta Semana, Casa, Detergente, Roupa",
        "Data_Coleta": "2025-06-01 02:24:20"
    },
    {
        "ID_Produto": "960861",
        "Categoria_Scraping": "casa",
        "Nome": "Detergente Máquina Roupa Líquido Coco",
        "Marca": "Surf",
        "Preco": 9.99,
        "Unidade_Info": "84 Dos | 0,12 €/Dos",
        "Categorias_GTM": "Casa, Detergente, Roupa, Categoria Referência SFCC",
        "Data_Coleta": "2025-06-01 02:24:20"
    },
    {
        "ID_Produto": "815064",
        "Categoria_Scraping": "casa",
        "Nome": "Ambientador Elétrico + Recarga Pure Nenuco",
        "Marca": "Air Wick",
        "Preco": 4.49,
        "Unidade_Info": "1 Un | 4,49 €/Un",
        "Categorias_GTM": "Poupe Esta Semana, Categoria Referência SFCC, Ambientadores, Ambientadores, Casa",
        "Data_Coleta": "2025-06-01 02:24:20"
    },
    {
        "ID_Produto": "960837",
        "Categoria_Scraping": "casa",
        "Nome": "Amaciador Roupa Concentrado Creations Jasmim e Mirtilo",
        "Marca": "Comfort",
        "Preco": 4.99,
        "Unidade_Info": "105 Dos | 0,05 €/Dos",
        "Categorias_GTM": "Amaciador, Casa, Roupa, Categoria Referência SFCC",
        "Data_Coleta": "2025-06-01 02:24:20"
    },
    {
        "ID_Produto": "974099",
        "Categoria_Scraping": "casa",
        "Nome": "Ambientador Elétrico + Recarga Oásis Turquesa",
        "Marca": "Air Wick",
        "Preco": 4.49,
        "Unidade_Info": "1 Un | 4,49 €/Un",
        "Categorias_GTM": "Promoções, Ambientadores, Ambientadores, Casa, Poupe Esta Semana",
        "Data_Coleta": "2025-06-01 02:24:28"
    },
    {
        "ID_Produto": "977435",
        "Categoria_Scraping": "casa",
        "Nome": "Detergente Máquina Roupa Líquido Active Total",
        "Marca": "Ultra",
        "Preco": 5.39,
        "Unidade_Info": "44 Dos | 0,12 €/Dos",
        "Categorias_GTM": "As Nossas Marcas, Ultra, Casa, Detergente, Roupa",
        "Data_Coleta": "2025-06-01 02:24:28"
    },
    {
        "ID_Produto": "977941",
        "Categoria_Scraping": "casa",
        "Nome": "Pastilhas para Máquina Loiça Ultimate Limão",
        "Marca": "Finish",
        "Preco": 12.99,
        "Unidade_Info": "50 Un | 0,26 €/Un",
        "Categorias_GTM": "Promoções, Casa, Detergente Máquina, Loiça, Poupe Esta Semana",
        "Data_Coleta": "2025-06-01 02:24:28"
    },
    {
        "ID_Produto": "980964",
        "Categoria_Scraping": "casa",
        "Nome": "Detergente Máquina Roupa Líquido Tira Nódoas",
        "Marca": "Xau",
        "Preco": 9.99,
        "Unidade_Info": "80 Dos | 0,12 €/Dos",
        "Categorias_GTM": "Casa, Detergente, Roupa, Categoria Referência SFCC",
        "Data_Coleta": "2025-06-01 02:24:28"
    },
    {
        "ID_Produto": "952683",
        "Categoria_Scraping": "casa",
        "Nome": "Sacos Lixo Super + Fecho Fácil 30 L",
        "Marca": "Vileda",
        "Preco": 2.39,
        "Unidade_Info": "1 Un | 2,39 €/Un",
        "Categorias_GTM": "Categoria Referência SFCC, Casa, Sacos do Lixo",
        "Data_Coleta": "2025-06-01 02:24:28"
    },
    {
        "ID_Produto": "981367",
        "Categoria_Scraping": "casa",
        "Nome": "Detergente Máquina Roupa Líquido Fresh Flowers",
        "Marca": "A+",
        "Preco": 9.99,
        "Unidade_Info": "70 Dos | 0,14 €/Dos",
        "Categorias_GTM": "Casa, Detergente, Roupa, Categoria Referência SFCC",
        "Data_Coleta": "2025-06-01 02:24:28"
    },
    {
        "ID_Produto": "965355",
        "Categoria_Scraping": "casa",
        "Nome": "Amaciador Roupa Concentrado Ametista e Íris",
        "Marca": "Quanto",
        "Preco": 2.99,
        "Unidade_Info": "74 Dos | 0,04 €/Dos",
        "Categorias_GTM": "Amaciador, Casa, Roupa, Categoria Referência SFCC",
        "Data_Coleta": "2025-06-01 02:24:28"
    },
    {
        "ID_Produto": "981336",
        "Categoria_Scraping": "casa",
        "Nome": "Limpa Máquinas Roupa Express",
        "Marca": "Xau",
        "Preco": 3.99,
        "Unidade_Info": "0.25 L | 15,96 €/L",
        "Categorias_GTM": "Promoções, Casa, Cuidado da Máquina, Roupa, Poupe Esta Semana",
        "Data_Coleta": "2025-06-01 02:24:28"
    },
    {
        "ID_Produto": "948537",
        "Categoria_Scraping": "casa",
        "Nome": "Sacos Lixo Super + Maxi Rolo Fecho Fácil 50 L",
        "Marca": "Vileda",
        "Preco": 4.99,
        "Unidade_Info": "20 Un | 0,25 €/Un",
        "Categorias_GTM": "Casa, Sacos do Lixo, Categoria Referência SFCC",
        "Data_Coleta": "2025-06-01 02:24:28"
    },
    {
        "ID_Produto": "965150",
        "Categoria_Scraping": "casa",
        "Nome": "Pastilhas para Máquina Loiça Clássicas",
        "Marca": "Ultra",
        "Preco": 3.79,
        "Unidade_Info": "60 Dos | 0,06 €/Dos",
        "Categorias_GTM": "Casa, Detergente Máquina, Loiça, As Nossas Marcas, Ultra",
        "Data_Coleta": "2025-06-01 02:24:28"
    },
    {
        "ID_Produto": "963309",
        "Categoria_Scraping": "casa",
        "Nome": "Spray Limpeza Sanitário Maça",
        "Marca": "Dona Pureza",
        "Preco": 2.79,
        "Unidade_Info": "0.5 L | 5,58 €/L",
        "Categorias_GTM": "Abrasivos, Casa, Limpeza da Casa, Categoria Referência SFCC",
        "Data_Coleta": "2025-06-01 02:24:28"
    },
    {
        "ID_Produto": "964395",
        "Categoria_Scraping": "casa",
        "Nome": "Toalhitas Limpa Vidros",
        "Marca": "Ultra",
        "Preco": 1.99,
        "Unidade_Info": "50 Un | 0,04 €/Un",
        "Categorias_GTM": "Casa, Limpa Vidros e Madeiras, Limpeza da Casa, As Nossas Marcas, Ultra",
        "Data_Coleta": "2025-06-01 02:24:28"
    },
    {
        "ID_Produto": "952433",
        "Categoria_Scraping": "casa",
        "Nome": "Detergente Loiça Manual Poder Limão",
        "Marca": "Fairy",
        "Preco": 4.49,
        "Unidade_Info": "0.65 L | 6,91 €/L",
        "Categorias_GTM": "Casa, Detergente Manual, Loiça, Categoria Referência SFCC",
        "Data_Coleta": "2025-06-01 02:24:35"
    },
    {
        "ID_Produto": "980954",
        "Categoria_Scraping": "casa",
        "Nome": "Detergente Loiça Manual Maxi Limão",
        "Marca": "Fairy",
        "Preco": 3.99,
        "Unidade_Info": "0.45 L | 8,87 €/L",
        "Categorias_GTM": "Casa, Detergente Manual, Loiça, Categoria Referência SFCC",
        "Data_Coleta": "2025-06-01 02:24:35"
    },
    {
        "ID_Produto": "973079",
        "Categoria_Scraping": "casa",
        "Nome": "Ambientador Stick Perfumado White Jasmine",
        "Marca": "Ultra",
        "Preco": 2.79,
        "Unidade_Info": "0.05 L | 55,8 €/L",
        "Categorias_GTM": "Casa, Ambientadores, Ambientadores, As Nossas Marcas, Ultra",
        "Data_Coleta": "2025-06-01 02:24:35"
    },
    {
        "ID_Produto": "987426",
        "Categoria_Scraping": "casa",
        "Nome": "Ambientador Elétrico Refreshing Air",
        "Marca": "Glade",
        "Preco": 3.99,
        "Unidade_Info": "0.02 L | 199,5 €/L",
        "Categorias_GTM": "Ambientadores, Ambientadores, Casa, Promoções, Poupe Esta Semana",
        "Data_Coleta": "2025-06-01 02:24:35"
    },
    {
        "ID_Produto": "984345",
        "Categoria_Scraping": "casa",
        "Nome": "Ambientador Elétrico + Recarga Floral",
        "Marca": "Nicols",
        "Preco": 2.99,
        "Unidade_Info": "0.02 L | 149,5 €/L",
        "Categorias_GTM": "Ambientadores, Ambientadores, Casa, Categoria Referência SFCC",
        "Data_Coleta": "2025-06-01 02:24:35"
    },
    {
        "ID_Produto": "985801",
        "Categoria_Scraping": "casa",
        "Nome": "Recarga Ambientador Automático Amber Flowers",
        "Marca": "Ultra",
        "Preco": 1.79,
        "Unidade_Info": "0.25 L | 7,16 €/L",
        "Categorias_GTM": "Ambientadores, Ambientadores, Casa, As Nossas Marcas, Ultra",
        "Data_Coleta": "2025-06-01 02:24:35"
    },
    {
        "ID_Produto": "988114",
        "Categoria_Scraping": "casa",
        "Nome": "Spray Tira Nódoas",
        "Marca": "Ultra",
        "Preco": 1.99,
        "Unidade_Info": "0.2 L | 9,95 €/L",
        "Categorias_GTM": "Casa, Roupa, As Nossas Marcas, Ultra, Categoria Referência SFCC",
        "Data_Coleta": "2025-06-01 02:24:35"
    },
    {
        "ID_Produto": "943048",
        "Categoria_Scraping": "casa",
        "Nome": "Sacos Lixo Fecho Fácil 50 L",
        "Marca": "Pingo Doce",
        "Preco": 1.35,
        "Unidade_Info": "15 Un | 0,09 €/Un",
        "Categorias_GTM": "As Nossas Marcas, Pingo Doce, Casa, Sacos do Lixo, Categoria Referência SFCC",
        "Data_Coleta": "2025-06-01 02:24:35"
    },
    {
        "ID_Produto": "974081",
        "Categoria_Scraping": "casa",
        "Nome": "Inseticida Elétrico Eucalipto",
        "Marca": "Raid",
        "Preco": 8.49,
        "Unidade_Info": "1 Un | 8,49 €/Un",
        "Categorias_GTM": "Casa, Inseticidas, Promoções, Poupe Esta Semana, Categoria Referência SFCC",
        "Data_Coleta": "2025-06-01 02:24:35"
    },
    {
        "ID_Produto": "562184",
        "Categoria_Scraping": "casa",
        "Nome": "Ambientador Spray de Lavanda",
        "Marca": "Glade",
        "Preco": 2.39,
        "Unidade_Info": "0.3 L | 7,97 €/L",
        "Categorias_GTM": "Categoria Referência SFCC, Ambientadores, Ambientadores, Casa",
        "Data_Coleta": "2025-06-01 02:24:35"
    },
    {
        "ID_Produto": "973180",
        "Categoria_Scraping": "casa",
        "Nome": "Papel Vegetal 16 folhas",
        "Marca": "Fino",
        "Preco": 1.79,
        "Unidade_Info": "1 Un | 1,79 €/Un",
        "Categorias_GTM": "Casa, Conservação de Alimentos, Categoria Referência SFCC, Poupe Esta Semana, Promoções",
        "Data_Coleta": "2025-06-01 02:24:35"
    },
    {
        "ID_Produto": "752437",
        "Categoria_Scraping": "casa",
        "Nome": "Ambientador Touch&Fresh Lavanda",
        "Marca": "Glade",
        "Preco": 2.99,
        "Unidade_Info": "0.01 Kg | 299 €/Kg",
        "Categorias_GTM": "Ambientadores, Ambientadores, Casa, Poupe Esta Semana, Categoria Referência SFCC",
        "Data_Coleta": "2025-06-01 02:24:35"
    },
    {
        "ID_Produto": "509042",
        "Categoria_Scraping": "casa",
        "Nome": "Acendalha em Gel",
        "Marca": "Pluricor",
        "Preco": 2.99,
        "Unidade_Info": "0.5 L | 5,98 €/L",
        "Categorias_GTM": "Acendalhas, Carvão e Fósforos, Casa, Categoria Referência SFCC",
        "Data_Coleta": "2025-06-01 02:24:43"
    },
    {
        "ID_Produto": "56698",
        "Categoria_Scraping": "casa",
        "Nome": "Fita Adesiva Isoladora Preta",
        "Marca": "Tesa",
        "Preco": 1.99,
        "Unidade_Info": "N/A",
        "Categorias_GTM": "Bricolagem, Casa, Categoria Referência SFCC",
        "Data_Coleta": "2025-06-01 02:24:43"
    },
    {
        "ID_Produto": "754431",
        "Categoria_Scraping": "casa",
        "Nome": "Abrasivo Creme Limão",
        "Marca": "Cif",
        "Preco": 2.69,
        "Unidade_Info": "0.7 L | 3,84 €/L",
        "Categorias_GTM": "Abrasivos, Casa, Limpeza da Casa, Poupe Esta Semana, Categoria Referência SFCC",
        "Data_Coleta": "2025-06-01 02:24:43"
    },
    {
        "ID_Produto": "43997",
        "Categoria_Scraping": "casa",
        "Nome": "Inseticida Líquido em Pistola",
        "Marca": "Bio Kill",
        "Preco": 4.49,
        "Unidade_Info": "0.375 L | 11,97 €/L",
        "Categorias_GTM": "Casa, Inseticidas, Categoria Referência SFCC, Poupe Esta Semana, Promoções",
        "Data_Coleta": "2025-06-01 02:24:43"
    },
    {
        "ID_Produto": "768974",
        "Categoria_Scraping": "casa",
        "Nome": "Recarga para Ambientador Elétrico Oásis Turquesa",
        "Marca": "Air Wick",
        "Preco": 3.59,
        "Unidade_Info": "1 Un | 3,59 €/Un",
        "Categorias_GTM": "Ambientadores, Ambientadores, Casa, Promoções, Categoria Referência SFCC",
        "Data_Coleta": "2025-06-01 02:24:43"
    },
    {
        "ID_Produto": "751675",
        "Categoria_Scraping": "casa",
        "Nome": "Lava Tudo Brilho Universal",
        "Marca": "Sonasol",
        "Preco": 2.79,
        "Unidade_Info": "1.1 L | 2,54 €/L",
        "Categorias_GTM": "Casa, Lava Tudo, Limpeza da Casa, Categoria Referência SFCC, Poupe Esta Semana",
        "Data_Coleta": "2025-06-01 02:24:43"
    },
    {
        "ID_Produto": "930381",
        "Categoria_Scraping": "casa",
        "Nome": "Tigela de Sopa em Cartão 500ml",
        "Marca": "Pingo Doce",
        "Preco": 1.59,
        "Unidade_Info": "10 Un | 0,16 €/Un",
        "Categorias_GTM": "Casa, Artigos de Festa e Descartáveis, As Nossas Marcas, Pingo Doce, Categoria Referência SFCC",
        "Data_Coleta": "2025-06-01 02:24:43"
    },
    {
        "ID_Produto": "930385",
        "Categoria_Scraping": "casa",
        "Nome": "Paletinas de Madeira",
        "Marca": "Pingo Doce",
        "Preco": 0.74,
        "Unidade_Info": "20 Un | 0,04 €/Un",
        "Categorias_GTM": "As Nossas Marcas, Pingo Doce, Casa, Artigos de Festa e Descartáveis, Categoria Referência SFCC",
        "Data_Coleta": "2025-06-01 02:24:43"
    },
    {
        "ID_Produto": "925498",
        "Categoria_Scraping": "casa",
        "Nome": "Absorvente de Odores Sanitário em Gel Peony",
        "Marca": "Glade",
        "Preco": 4.39,
        "Unidade_Info": "1 Un | 4,39 €/Un",
        "Categorias_GTM": "Ambientadores, Ambientadores, Casa, Categoria Referência SFCC",
        "Data_Coleta": "2025-06-01 02:24:43"
    },
    {
        "ID_Produto": "923954",
        "Categoria_Scraping": "casa",
        "Nome": "Fita Dupla Face Não Mais Pregos",
        "Marca": "Pattex",
        "Preco": 7.99,
        "Unidade_Info": "N/A",
        "Categorias_GTM": "Bricolagem, Casa, Categoria Referência SFCC",
        "Data_Coleta": "2025-06-01 02:24:43"
    },
    {
        "ID_Produto": "165105",
        "Categoria_Scraping": "casa",
        "Nome": "Saco de Lixo 100% Reciclado 130 L",
        "Marca": "Silvex",
        "Preco": 4.19,
        "Unidade_Info": "1 Un | 4,19 €/Un",
        "Categorias_GTM": "Casa, Sacos do Lixo, Categoria Referência SFCC",
        "Data_Coleta": "2025-06-01 02:24:43"
    },
    {
        "ID_Produto": "737695",
        "Categoria_Scraping": "casa",
        "Nome": "Limpa Móveis Spray Aloé Vera",
        "Marca": "Pronto",
        "Preco": 2.99,
        "Unidade_Info": "0.5 L | 5,98 €/L",
        "Categorias_GTM": "Categoria Referência SFCC, Casa, Limpa Vidros e Madeiras, Limpeza da Casa, Poupe Esta Semana",
        "Data_Coleta": "2025-06-01 02:24:43"
    },
    {
        "ID_Produto": "936383",
        "Categoria_Scraping": "casa",
        "Nome": "Vela Ambientadora Floral",
        "Marca": "Ultra",
        "Preco": 1.79,
        "Unidade_Info": "1 Un | 1,79 €/Un",
        "Categorias_GTM": "Categoria Referência SFCC, Ambientadores, Casa, Velas, As Nossas Marcas",
        "Data_Coleta": "2025-06-01 02:24:50"
    },
    {
        "ID_Produto": "654417",
        "Categoria_Scraping": "casa",
        "Nome": "Ambientador Automático Sense & Spray Lavanda e Jasmim",
        "Marca": "Glade",
        "Preco": 4.99,
        "Unidade_Info": "0.018 L | 277,22 €/L",
        "Categorias_GTM": "Poupe Esta Semana, Categoria Referência SFCC, Ambientadores, Ambientadores, Casa",
        "Data_Coleta": "2025-06-01 02:24:50"
    },
    {
        "ID_Produto": "732377",
        "Categoria_Scraping": "casa",
        "Nome": "Bloco Sanitário Cesto Pinho",
        "Marca": "Ultra",
        "Preco": 1.29,
        "Unidade_Info": "0.12 Kg | 10,75 €/Kg",
        "Categorias_GTM": "Categoria Referência SFCC, Blocos Sanitários, Casa, Limpeza da Casa, As Nossas Marcas",
        "Data_Coleta": "2025-06-01 02:24:50"
    },
    {
        "ID_Produto": "729713",
        "Categoria_Scraping": "casa",
        "Nome": "Recarga Ambientador Elétrico Japan Tatami",
        "Marca": "Ambipur",
        "Preco": 9.99,
        "Unidade_Info": "1 Un | 9,99 €/Un",
        "Categorias_GTM": "Categoria Referência SFCC, Ambientadores, Ambientadores, Casa",
        "Data_Coleta": "2025-06-01 02:24:50"
    },
    {
        "ID_Produto": "829375",
        "Categoria_Scraping": "casa",
        "Nome": "Recarga Ambientador Lírio Fresh Matic",
        "Marca": "Air Wick",
        "Preco": 5.19,
        "Unidade_Info": "1 Un | 5,19 €/Un",
        "Categorias_GTM": "Poupe Esta Semana, Ambientadores, Ambientadores, Casa, Categoria Referência SFCC",
        "Data_Coleta": "2025-06-01 02:24:50"
    },
    {
        "ID_Produto": "822688",
        "Categoria_Scraping": "casa",
        "Nome": "Detergente em Gel Máquina Loiça Gel Regular",
        "Marca": "Finish",
        "Preco": 9.49,
        "Unidade_Info": "50 Dos | 0,19 €/Dos",
        "Categorias_GTM": "Poupe Esta Semana, Casa, Detergente Máquina, Loiça, Categoria Referência SFCC",
        "Data_Coleta": "2025-06-01 02:24:50"
    },
    {
        "ID_Produto": "650926",
        "Categoria_Scraping": "casa",
        "Nome": "Rolo de Cozinha Decorado XXL 2=4 Rolos",
        "Marca": "Renova",
        "Preco": 1.79,
        "Unidade_Info": "2 Un | 0,9 €/Un",
        "Categorias_GTM": "Categoria Referência SFCC, Casa, Rolos de Cozinha, Poupe Este Fim De Semana, Poupe Esta Semana",
        "Data_Coleta": "2025-06-01 02:24:50"
    },
    {
        "ID_Produto": "827073",
        "Categoria_Scraping": "casa",
        "Nome": "Sacos para Congelação com ZIP 1 L",
        "Marca": "Pingo Doce",
        "Preco": 1.05,
        "Unidade_Info": "20 Un | 0,05 €/Un",
        "Categorias_GTM": "As Nossas Marcas, Pingo Doce, Categoria Referência SFCC, Conservação de Alimentos, Casa",
        "Data_Coleta": "2025-06-01 02:24:50"
    },
    {
        "ID_Produto": "979126",
        "Categoria_Scraping": "casa",
        "Nome": "Conjunto 2 LEDS G45 6,5W E14 600LM Lethe",
        "Marca": "Lethe",
        "Preco": 3.99,
        "Unidade_Info": "N/A",
        "Categorias_GTM": "Casa, Pilhas e Lâmpadas, Categoria Referência SFCC",
        "Data_Coleta": "2025-06-01 02:24:50"
    },
    {
        "ID_Produto": "980674",
        "Categoria_Scraping": "casa",
        "Nome": "Vela Aniversário Nº9",
        "Marca": "Pingo Doce",
        "Preco": 0.59,
        "Unidade_Info": "1 Un | 0,59 €/Un",
        "Categorias_GTM": "As Nossas Marcas, Pingo Doce, Casa, Artigos de Festa e Descartáveis, Categoria Referência SFCC",
        "Data_Coleta": "2025-06-01 02:24:50"
    },
    {
        "ID_Produto": "981628",
        "Categoria_Scraping": "casa",
        "Nome": "Vela Aniversário Nº6",
        "Marca": "Pingo Doce",
        "Preco": 0.99,
        "Unidade_Info": "1 Un | 0,99 €/Un",
        "Categorias_GTM": "As Nossas Marcas, Pingo Doce, Casa, Artigos de Festa e Descartáveis, Categoria Referência SFCC",
        "Data_Coleta": "2025-06-01 02:24:50"
    },
    {
        "ID_Produto": "987493",
        "Categoria_Scraping": "casa",
        "Nome": "Perfumador e Amaciador Sakura",
        "Marca": "Ultra",
        "Preco": 3.29,
        "Unidade_Info": "34 Dos | 0,1 €/Dos",
        "Categorias_GTM": "As Nossas Marcas, Ultra, Amaciador, Casa, Roupa",
        "Data_Coleta": "2025-06-01 02:24:50"
    },
    {
        "ID_Produto": "720681",
        "Categoria_Scraping": "casa",
        "Nome": "Esfregão Salva Unhas Fibra Verde",
        "Marca": "Ultra",
        "Preco": 0.45,
        "Unidade_Info": "3 Un | 0,15 €/Un",
        "Categorias_GTM": "Categoria Referência SFCC, Acessórios, Casa, Limpeza da Casa, As Nossas Marcas",
        "Data_Coleta": "2025-06-01 02:24:58"
    },
    {
        "ID_Produto": "947205",
        "Categoria_Scraping": "casa",
        "Nome": "LED GU10 345LM 4,5W 38° LETHE 2UN",
        "Marca": "Lethe",
        "Preco": 4.29,
        "Unidade_Info": "1 Un | 4,29 €/Un",
        "Categorias_GTM": "Categoria Referência SFCC, Casa, Pilhas e Lâmpadas",
        "Data_Coleta": "2025-06-01 02:24:58"
    },
    {
        "ID_Produto": "969404",
        "Categoria_Scraping": "casa",
        "Nome": "Lâmpada 60W A60",
        "Marca": "Philips",
        "Preco": 14.99,
        "Unidade_Info": "N/A",
        "Categorias_GTM": "Casa, Pilhas e Lâmpadas, Categoria Referência SFCC",
        "Data_Coleta": "2025-06-01 02:24:58"
    },
    {
        "ID_Produto": "980672",
        "Categoria_Scraping": "casa",
        "Nome": "Vela Aniversário Nº7",
        "Marca": "Pingo Doce",
        "Preco": 0.59,
        "Unidade_Info": "1 Un | 0,59 €/Un",
        "Categorias_GTM": "As Nossas Marcas, Pingo Doce, Casa, Artigos de Festa e Descartáveis, Categoria Referência SFCC",
        "Data_Coleta": "2025-06-01 02:24:58"
    },
    {
        "ID_Produto": "744335",
        "Categoria_Scraping": "casa",
        "Nome": "Vassoura Anti-Choque 3 em 1",
        "Marca": "Vileda",
        "Preco": 7.89,
        "Unidade_Info": "1 Un | 7,89 €/Un",
        "Categorias_GTM": "Categoria Referência SFCC, Acessórios, Casa, Limpeza da Casa",
        "Data_Coleta": "2025-06-01 02:24:58"
    },
    {
        "ID_Produto": "750664",
        "Categoria_Scraping": "casa",
        "Nome": "Limpa Superficies Delicadas",
        "Marca": "Ultra",
        "Preco": 1.09,
        "Unidade_Info": "0.75 L | 1,45 €/L",
        "Categorias_GTM": "Categoria Referência SFCC, Casa, Limpeza da Casa, Limpeza Específica, As Nossas Marcas",
        "Data_Coleta": "2025-06-01 02:24:58"
    },
    {
        "ID_Produto": "305235",
        "Categoria_Scraping": "casa",
        "Nome": "Gel Sanitário Anticalcário",
        "Marca": "Harpic",
        "Preco": 1.99,
        "Unidade_Info": "0.75 L | 2,65 €/L",
        "Categorias_GTM": "Promoções, Abrasivos, Casa, Limpeza da Casa, Poupe Esta Semana",
        "Data_Coleta": "2025-06-01 02:24:58"
    },
    {
        "ID_Produto": "766060",
        "Categoria_Scraping": "casa",
        "Nome": "Abrasivo Creme Sanitário Ecológico",
        "Marca": "Ultra",
        "Preco": 1.49,
        "Unidade_Info": "0.75 L | 1,99 €/L",
        "Categorias_GTM": "Categoria Referência SFCC, As Nossas Marcas, Ultra, Abrasivos, Casa",
        "Data_Coleta": "2025-06-01 02:24:58"
    },
    {
        "ID_Produto": "769067",
        "Categoria_Scraping": "casa",
        "Nome": "Recarga Ambientador Elétrico Delícias de Verão",
        "Marca": "Air Wick",
        "Preco": 5.49,
        "Unidade_Info": "1 Un | 5,49 €/Un",
        "Categorias_GTM": "Poupe Esta Semana, Categoria Referência SFCC, Ambientadores, Ambientadores, Casa",
        "Data_Coleta": "2025-06-01 02:24:58"
    },
    {
        "ID_Produto": "964568",
        "Categoria_Scraping": "casa",
        "Nome": "Perfumador Roupa Talco",
        "Marca": "Ultra",
        "Preco": 2.99,
        "Unidade_Info": "36 Dos | 0,08 €/Dos",
        "Categorias_GTM": "As Nossas Marcas, Ultra, Amaciador, Casa, Roupa",
        "Data_Coleta": "2025-06-01 02:24:58"
    },
    {
        "ID_Produto": "965741",
        "Categoria_Scraping": "casa",
        "Nome": "LED Classic 60W E27 WW P45 FR ND RFSRT4",
        "Marca": "Philips",
        "Preco": 7.09,
        "Unidade_Info": "N/A",
        "Categorias_GTM": "Casa, Pilhas e Lâmpadas, Categoria Referência SFCC",
        "Data_Coleta": "2025-06-01 02:24:58"
    },
    {
        "ID_Produto": "967010",
        "Categoria_Scraping": "casa",
        "Nome": "Ambientador Spray Jasmim e Orvalho Fresco",
        "Marca": "Air Wick",
        "Preco": 2.99,
        "Unidade_Info": "1 Un | 2,99 €/Un",
        "Categorias_GTM": "Ambientadores, Ambientadores, Casa, Promoções, Poupe Esta Semana",
        "Data_Coleta": "2025-06-01 02:24:58"
    },
    {
        "ID_Produto": "981632",
        "Categoria_Scraping": "casa",
        "Nome": "Vela Aniversário Nº0",
        "Marca": "Pingo Doce",
        "Preco": 0.99,
        "Unidade_Info": "1 Un | 0,99 €/Un",
        "Categorias_GTM": "As Nossas Marcas, Pingo Doce, Casa, Artigos de Festa e Descartáveis, Categoria Referência SFCC",
        "Data_Coleta": "2025-06-01 02:25:06"
    },
    {
        "ID_Produto": "967597",
        "Categoria_Scraping": "casa",
        "Nome": "Lanterna de Trabalho LED OPL1146",
        "Marca": "Niteo",
        "Preco": 14.99,
        "Unidade_Info": "N/A",
        "Categorias_GTM": "Casa, Pilhas e Lâmpadas, Categoria Referência SFCC",
        "Data_Coleta": "2025-06-01 02:25:06"
    },
    {
        "ID_Produto": "967109",
        "Categoria_Scraping": "casa",
        "Nome": "Ambientador Vela Coco",
        "Marca": "Yankee Candle",
        "Preco": 5.19,
        "Unidade_Info": "0.2 Kg | 25,95 €/Kg",
        "Categorias_GTM": "Ambientadores, Casa, Velas, Poupe Esta Semana, Promoções",
        "Data_Coleta": "2025-06-01 02:25:06"
    },
    {
        "ID_Produto": "704604",
        "Categoria_Scraping": "casa",
        "Nome": "Prato de Cartão 32cm com Naperão 35cm",
        "Marca": "Home 7",
        "Preco": 0.69,
        "Unidade_Info": "1 Un | 0,69 €/Un",
        "Categorias_GTM": "Categoria Referência SFCC, Casa, Artigos de Festa e Descartáveis",
        "Data_Coleta": "2025-06-01 02:25:06"
    },
    {
        "ID_Produto": "869464",
        "Categoria_Scraping": "casa",
        "Nome": "Bloco Sanitário BlueActiv Floral",
        "Marca": "Bref Sonasol",
        "Preco": 2.99,
        "Unidade_Info": "1 Un | 2,99 €/Un",
        "Categorias_GTM": "Promoções, Poupe Esta Semana, Categoria Referência SFCC, Blocos Sanitários, Casa",
        "Data_Coleta": "2025-06-01 02:25:06"
    },
    {
        "ID_Produto": "869703",
        "Categoria_Scraping": "casa",
        "Nome": "Desinfetante Têxtil em Spray",
        "Marca": "Sanytol",
        "Preco": 3.99,
        "Unidade_Info": "0.5 L | 7,98 €/L",
        "Categorias_GTM": "Promoções, Poupe Esta Semana, Categoria Referência SFCC, Aditivos, Casa",
        "Data_Coleta": "2025-06-01 02:25:06"
    },
    {
        "ID_Produto": "964142",
        "Categoria_Scraping": "casa",
        "Nome": "Pastilhas para Máquina Loiça All-In-One Limão",
        "Marca": "Sun",
        "Preco": 7.99,
        "Unidade_Info": "62 Un | 0,13 €/Un",
        "Categorias_GTM": "Casa, Detergente Máquina, Loiça, Promoções, Poupe Esta Semana",
        "Data_Coleta": "2025-06-01 02:25:06"
    },
    {
        "ID_Produto": "775888",
        "Categoria_Scraping": "casa",
        "Nome": "Limpa Vidros Spray Power Shine",
        "Marca": "Cif",
        "Preco": 2.69,
        "Unidade_Info": "0.75 L | 3,59 €/L",
        "Categorias_GTM": "Poupe Esta Semana, Categoria Referência SFCC, Promoções, Limpeza da Casa, Casa",
        "Data_Coleta": "2025-06-01 02:25:06"
    },
    {
        "ID_Produto": "889190",
        "Categoria_Scraping": "casa",
        "Nome": "Recarga Ambientador Elétrico Sandalwood e Jasmin",
        "Marca": "Glade",
        "Preco": 5.19,
        "Unidade_Info": "0.012 L | 432,5 €/L",
        "Categorias_GTM": "Poupe Esta Semana, Categoria Referência SFCC, Ambientadores, Ambientadores, Casa",
        "Data_Coleta": "2025-06-01 02:25:06"
    },
    {
        "ID_Produto": "918061",
        "Categoria_Scraping": "casa",
        "Nome": "Recarga para Ambientador Elétrico Baunilha",
        "Marca": "Air Wick",
        "Preco": 3.59,
        "Unidade_Info": "0.019 L | 188,95 €/L",
        "Categorias_GTM": "Promoções, Poupe Esta Semana, Categoria Referência SFCC, Ambientadores, Ambientadores",
        "Data_Coleta": "2025-06-01 02:25:06"
    },
    {
        "ID_Produto": "923585",
        "Categoria_Scraping": "casa",
        "Nome": "Sementes Erva do Gato",
        "Marca": "Vita",
        "Preco": 0.99,
        "Unidade_Info": "N/A",
        "Categorias_GTM": "Promoções, Poupe Esta Semana, Categoria Referência SFCC, Casa, Jardim",
        "Data_Coleta": "2025-06-01 02:25:06"
    },
    {
        "ID_Produto": "976881",
        "Categoria_Scraping": "casa",
        "Nome": "Tira Nódoas Pó Oxi Action Roupa Branca",
        "Marca": "Vanish",
        "Preco": 12.99,
        "Unidade_Info": "1.45 Kg | 8,96 €/Kg",
        "Categorias_GTM": "Promoções, Aditivos, Casa, Roupa, Poupe Esta Semana",
        "Data_Coleta": "2025-06-01 02:25:06"
    },
    {
        "ID_Produto": "933366",
        "Categoria_Scraping": "casa",
        "Nome": "Lava Tudo Perfumado Festa de Flores Coco",
        "Marca": "Ajax",
        "Preco": 2.24,
        "Unidade_Info": "1.25 L | 1,79 €/L",
        "Categorias_GTM": "Poupe Esta Semana, Categoria Referência SFCC, Promoções, Casa, Lava Tudo",
        "Data_Coleta": "2025-06-01 02:25:13"
    },
    {
        "ID_Produto": "933605",
        "Categoria_Scraping": "casa",
        "Nome": "Recarga Ambientador Aroma Cool Mist Zen",
        "Marca": "Glade",
        "Preco": 3.99,
        "Unidade_Info": "0.017 L | 234,71 €/L",
        "Categorias_GTM": "Poupe Esta Semana, Categoria Referência SFCC, Promoções, Ambientadores, Ambientadores",
        "Data_Coleta": "2025-06-01 02:25:13"
    },
    {
        "ID_Produto": "935849",
        "Categoria_Scraping": "casa",
        "Nome": "Desinfetante para Roupa Líquido",
        "Marca": "Sanytol",
        "Preco": 2.64,
        "Unidade_Info": "0.5 L | 5,28 €/L",
        "Categorias_GTM": "Aditivos, Casa, Roupa, Categoria Referência SFCC, Poupe Esta Semana",
        "Data_Coleta": "2025-06-01 02:25:13"
    },
    {
        "ID_Produto": "953176",
        "Categoria_Scraping": "casa",
        "Nome": "Recarga Ambientador Difusor Lavanda",
        "Marca": "Air Wick",
        "Preco": 7.59,
        "Unidade_Info": "3 Un | 2,53 €/Un",
        "Categorias_GTM": "Categoria Referência SFCC, Promoções, Poupe Esta Semana, Ambientadores, Ambientadores",
        "Data_Coleta": "2025-06-01 02:25:13"
    },
    {
        "ID_Produto": "953508",
        "Categoria_Scraping": "casa",
        "Nome": "Recarga Ambientador Difusor Active Fresh Jasmim",
        "Marca": "Air Wick",
        "Preco": 7.99,
        "Unidade_Info": "1 Un | 7,99 €/Un",
        "Categorias_GTM": "Ambientadores, Ambientadores, Casa, Categoria Referência SFCC, Promoções",
        "Data_Coleta": "2025-06-01 02:25:13"
    },
    {
        "ID_Produto": "953511",
        "Categoria_Scraping": "casa",
        "Nome": "Recarga Ambientador Difusor Active Fresh Jasmim",
        "Marca": "Air Wick",
        "Preco": 5.99,
        "Unidade_Info": "1 Un | 5,99 €/Un",
        "Categorias_GTM": "Ambientadores, Ambientadores, Casa, Categoria Referência SFCC, Promoções",
        "Data_Coleta": "2025-06-01 02:25:13"
    },
    {
        "ID_Produto": "981918",
        "Categoria_Scraping": "casa",
        "Nome": "Ambientador Elétrico + Recarga Baunilha",
        "Marca": "Air Wick",
        "Preco": 4.49,
        "Unidade_Info": "1 Un | 4,49 €/Un",
        "Categorias_GTM": "Ambientadores, Casa, Promoções, Ambientadores, Poupe Esta Semana",
        "Data_Coleta": "2025-06-01 02:25:13"
    },
    {
        "ID_Produto": "932421",
        "Categoria_Scraping": "casa",
        "Nome": "Cesto de Arrumação",
        "Marca": "Plástico Forte",
        "Preco": 1.99,
        "Unidade_Info": "N/A",
        "Categorias_GTM": "Acessórios, Casa, Roupa, Poupe Esta Semana, Promoções",
        "Data_Coleta": "2025-06-01 02:25:13"
    },
    {
        "ID_Produto": "987417",
        "Categoria_Scraping": "casa",
        "Nome": "Ambientador Elétrico Refreshing Air",
        "Marca": "Glade",
        "Preco": 4.99,
        "Unidade_Info": "0.02 L | 249,5 €/L",
        "Categorias_GTM": "Ambientadores, Ambientadores, Casa, Promoções, Poupe Esta Semana",
        "Data_Coleta": "2025-06-01 02:25:13"
    },
    {
        "ID_Produto": "965719",
        "Categoria_Scraping": "casa",
        "Nome": "Detergente Máquina Roupa Cápsulas Active Clean",
        "Marca": "Skip",
        "Preco": 8.99,
        "Unidade_Info": "32 Dos | 0,28 €/Dos",
        "Categorias_GTM": "Casa, Detergente, Roupa, Poupe Esta Semana, Promoções",
        "Data_Coleta": "2025-06-01 02:25:13"
    },
    {
        "ID_Produto": "955359",
        "Categoria_Scraping": "casa",
        "Nome": "Spray Limpeza Sanitário Multisuperfícies",
        "Marca": "Sanytol",
        "Preco": 2.49,
        "Unidade_Info": "0.75 L | 3,32 €/L",
        "Categorias_GTM": "Abrasivos, Casa, Limpeza da Casa, Promoções, Categoria Referência SFCC",
        "Data_Coleta": "2025-06-01 02:25:13"
    },
    {
        "ID_Produto": "955671",
        "Categoria_Scraping": "casa",
        "Nome": "Sementes Hortelã Menta",
        "Marca": "Vita",
        "Preco": 0.99,
        "Unidade_Info": "N/A",
        "Categorias_GTM": "Promoções, Casa, Jardim, Categoria Referência SFCC, Poupe Esta Semana",
        "Data_Coleta": "2025-06-01 02:25:13"
    },
    {
        "ID_Produto": "923495",
        "Categoria_Scraping": "casa",
        "Nome": "Vaso Orquídea",
        "Marca": "Plástico Forte",
        "Preco": 1.49,
        "Unidade_Info": "N/A",
        "Categorias_GTM": "Casa, Jardim, Poupe Esta Semana, Promoções, Categoria Referência SFCC",
        "Data_Coleta": "2025-06-01 02:25:22"
    },
    {
        "ID_Produto": "873642",
        "Categoria_Scraping": "casa",
        "Nome": "Pastilhas para Máquina Clássico Limão",
        "Marca": "Sun",
        "Preco": 3.99,
        "Unidade_Info": "32 Un | 0,12 €/Un",
        "Categorias_GTM": "Casa, Detergente Máquina, Loiça, Promoções, Poupe Esta Semana",
        "Data_Coleta": "2025-06-01 02:25:22"
    },
    {
        "ID_Produto": "903400",
        "Categoria_Scraping": "casa",
        "Nome": "Detergente em Gel Máquina Loiça Gel 0%",
        "Marca": "Finish",
        "Preco": 9.49,
        "Unidade_Info": "50 Dos | 0,19 €/Dos",
        "Categorias_GTM": "Casa, Detergente Máquina, Loiça, Poupe Esta Semana, Categoria Referência SFCC",
        "Data_Coleta": "2025-06-01 02:25:22"
    },
    {
        "ID_Produto": "889182",
        "Categoria_Scraping": "casa",
        "Nome": "Ambientador Elétrico Relaxing Zen",
        "Marca": "Glade",
        "Preco": 4.49,
        "Unidade_Info": "0.012 L | 374,17 €/L",
        "Categorias_GTM": "Poupe Esta Semana, Categoria Referência SFCC, Ambientadores, Ambientadores, Casa",
        "Data_Coleta": "2025-06-01 02:25:22"
    },
    {
        "ID_Produto": "889188",
        "Categoria_Scraping": "casa",
        "Nome": "Recarga Ambientador Elétrico Clean Linen",
        "Marca": "Glade",
        "Preco": 5.19,
        "Unidade_Info": "0.012 L | 432,5 €/L",
        "Categorias_GTM": "Promoções, Poupe Esta Semana, Categoria Referência SFCC, Ambientadores, Ambientadores",
        "Data_Coleta": "2025-06-01 02:25:22"
    },
    {
        "ID_Produto": "889191",
        "Categoria_Scraping": "casa",
        "Nome": "Recarga Ambientador Elétrico Baunilha",
        "Marca": "Glade",
        "Preco": 5.19,
        "Unidade_Info": "0.012 L | 432,5 €/L",
        "Categorias_GTM": "Promoções, Poupe Esta Semana, Categoria Referência SFCC, Ambientadores, Ambientadores",
        "Data_Coleta": "2025-06-01 02:25:22"
    },
    {
        "ID_Produto": "506278",
        "Categoria_Scraping": "casa",
        "Nome": "Detergente Spray Multiusos Lixívia Power & Shine",
        "Marca": "Cif",
        "Preco": 2.69,
        "Unidade_Info": "1 L | 2,69 €/L",
        "Categorias_GTM": "Categoria Referência SFCC, Promoções, Abrasivos, Casa, Limpeza da Casa",
        "Data_Coleta": "2025-06-01 02:25:22"
    },
    {
        "ID_Produto": "955669",
        "Categoria_Scraping": "casa",
        "Nome": "Mangueira para Jardim 25 Metros",
        "Marca": "Tatay",
        "Preco": 25.99,
        "Unidade_Info": "N/A",
        "Categorias_GTM": "Categoria Referência SFCC, Poupe Esta Semana, Promoções, Casa, Inseticidas",
        "Data_Coleta": "2025-06-01 02:25:22"
    },
    {
        "ID_Produto": "955711",
        "Categoria_Scraping": "casa",
        "Nome": "Vaso Palmeira",
        "Marca": "Plástico Forte",
        "Preco": 2.19,
        "Unidade_Info": "N/A",
        "Categorias_GTM": "Categoria Referência SFCC, Poupe Esta Semana, Promoções, Casa, Jardim",
        "Data_Coleta": "2025-06-01 02:25:22"
    },
    {
        "ID_Produto": "660301",
        "Categoria_Scraping": "casa",
        "Nome": "Recarga Ambientador Automático Freshmatic Satin & Moon",
        "Marca": "Air Wick",
        "Preco": 3.49,
        "Unidade_Info": "1 Un | 3,49 €/Un",
        "Categorias_GTM": "Categoria Referência SFCC, Promoções, Poupe Esta Semana, Ambientadores, Ambientadores",
        "Data_Coleta": "2025-06-01 02:25:22"
    },
    {
        "ID_Produto": "871570",
        "Categoria_Scraping": "casa",
        "Nome": "Guardanapos 2 Folhas",
        "Marca": "Pingo Doce",
        "Preco": 1.49,
        "Unidade_Info": "40 Un | 0,04 €/Un",
        "Categorias_GTM": "Casa, Guardanapos, As Nossas Marcas, Pingo Doce, Categoria Referência SFCC",
        "Data_Coleta": "2025-06-01 02:25:22"
    },
    {
        "ID_Produto": "900125",
        "Categoria_Scraping": "casa",
        "Nome": "Detergente Loiça Manual Clássico",
        "Marca": "Ultra",
        "Preco": 1.89,
        "Unidade_Info": "1 Un | 1,89 €/Un",
        "Categorias_GTM": "As Nossas Marcas, Ultra, Categoria Referência SFCC, Casa, Detergente Manual",
        "Data_Coleta": "2025-06-01 02:25:22"
    },
    {
        "ID_Produto": "915667",
        "Categoria_Scraping": "casa",
        "Nome": "Rolo de Cozinha 2 Folhas Compacto 3=9 Rolos",
        "Marca": "Pingo Doce",
        "Preco": 2.59,
        "Unidade_Info": "3 Un | 0,86 €/Un",
        "Categorias_GTM": "As Nossas Marcas, Pingo Doce, Categoria Referência SFCC, Casa, Rolos de Cozinha",
        "Data_Coleta": "2025-06-01 02:25:30"
    },
    {
        "ID_Produto": "903632",
        "Categoria_Scraping": "casa",
        "Nome": "Guardanapos Simples 1 Folha",
        "Marca": "Pingo Doce",
        "Preco": 0.55,
        "Unidade_Info": "100 Un | 0,01 €/Un",
        "Categorias_GTM": "Casa, Guardanapos, As Nossas Marcas, Pingo Doce, Categoria Referência SFCC",
        "Data_Coleta": "2025-06-01 02:25:30"
    },
    {
        "ID_Produto": "903687",
        "Categoria_Scraping": "casa",
        "Nome": "Detergente Máquina da Roupa Pó Sabão Natural",
        "Marca": "Ultra",
        "Preco": 9.69,
        "Unidade_Info": "92 Dos | 0,11 €/Dos",
        "Categorias_GTM": "Casa, Detergente, Roupa, As Nossas Marcas, Ultra",
        "Data_Coleta": "2025-06-01 02:25:30"
    },
    {
        "ID_Produto": "915805",
        "Categoria_Scraping": "casa",
        "Nome": "Recarga Vassoura com Sistema de Proteção",
        "Marca": "Ultra",
        "Preco": 1.99,
        "Unidade_Info": "1 Un | 1,99 €/Un",
        "Categorias_GTM": "As Nossas Marcas, Ultra, Categoria Referência SFCC, Acessórios, Casa",
        "Data_Coleta": "2025-06-01 02:25:30"
    },
    {
        "ID_Produto": "915868",
        "Categoria_Scraping": "casa",
        "Nome": "Limpa Vidros para Cabo",
        "Marca": "Ultra",
        "Preco": 1.99,
        "Unidade_Info": "1 Un | 1,99 €/Un",
        "Categorias_GTM": "As Nossas Marcas, Ultra, Categoria Referência SFCC, Acessórios, Casa",
        "Data_Coleta": "2025-06-01 02:25:30"
    },
    {
        "ID_Produto": "816916",
        "Categoria_Scraping": "casa",
        "Nome": "Bloco Sanitário Espuma Activa Aqua",
        "Marca": "Ultra",
        "Preco": 1.64,
        "Unidade_Info": "0.1 Kg | 16,4 €/Kg",
        "Categorias_GTM": "Categoria Referência SFCC, As Nossas Marcas, Ultra, Blocos Sanitários, Casa",
        "Data_Coleta": "2025-06-01 02:25:30"
    },
    {
        "ID_Produto": "480300",
        "Categoria_Scraping": "casa",
        "Nome": "Sacos para Cubos de Gelo Auto Fecho",
        "Marca": "Pingo Doce",
        "Preco": 0.99,
        "Unidade_Info": "15 Un | 0,07 €/Un",
        "Categorias_GTM": "Casa, Conservação de Alimentos, Categoria Referência SFCC, As Nossas Marcas, Pingo Doce",
        "Data_Coleta": "2025-06-01 02:25:30"
    },
    {
        "ID_Produto": "528030",
        "Categoria_Scraping": "casa",
        "Nome": "Detergente Roupa Manual Pó Tradicional",
        "Marca": "Ultra",
        "Preco": 1.29,
        "Unidade_Info": "0.65 Kg | 1,98 €/Kg",
        "Categorias_GTM": "Categoria Referência SFCC, Casa, Detergente, Roupa, As Nossas Marcas",
        "Data_Coleta": "2025-06-01 02:25:30"
    },
    {
        "ID_Produto": "776824",
        "Categoria_Scraping": "casa",
        "Nome": "Luvas Universais Pequeno/Médio",
        "Marca": "Home 7",
        "Preco": 0.69,
        "Unidade_Info": "1 Un | 0,69 €/Un",
        "Categorias_GTM": "Categoria Referência SFCC, Acessórios, Casa, Limpeza da Casa",
        "Data_Coleta": "2025-06-01 02:25:30"
    },
    {
        "ID_Produto": "930251",
        "Categoria_Scraping": "casa",
        "Nome": "Detergente Loiça Manual Antibacteriano",
        "Marca": "Ultra",
        "Preco": 1.29,
        "Unidade_Info": "0.5 L | 2,58 €/L",
        "Categorias_GTM": "As Nossas Marcas, Ultra, Casa, Detergente Manual, Loiça",
        "Data_Coleta": "2025-06-01 02:25:30"
    },
    {
        "ID_Produto": "932558",
        "Categoria_Scraping": "casa",
        "Nome": "Cera Tijoleira Acrílica",
        "Marca": "Splendor",
        "Preco": 5.99,
        "Unidade_Info": "0.5 L | 11,98 €/L",
        "Categorias_GTM": "Categoria Referência SFCC, Casa, Limpeza da Casa, Limpeza Específica",
        "Data_Coleta": "2025-06-01 02:25:30"
    },
    {
        "ID_Produto": "899766",
        "Categoria_Scraping": "casa",
        "Nome": "Spray Limpa Vidros",
        "Marca": "Cillit Bang",
        "Preco": 2.49,
        "Unidade_Info": "0.5 L | 4,98 €/L",
        "Categorias_GTM": "Categoria Referência SFCC, Casa, Limpa Vidros e Madeiras, Limpeza da Casa, Poupe Este Fim De Semana",
        "Data_Coleta": "2025-06-01 02:25:30"
    },
    {
        "ID_Produto": "873056",
        "Categoria_Scraping": "casa",
        "Nome": "Balde de Limpeza com Espremedor",
        "Marca": "Vileda",
        "Preco": 12.49,
        "Unidade_Info": "1 Un | 12,49 €/Un",
        "Categorias_GTM": "Categoria Referência SFCC, Acessórios, Casa, Limpeza da Casa",
        "Data_Coleta": "2025-06-01 02:25:38"
    },
    {
        "ID_Produto": "908358",
        "Categoria_Scraping": "casa",
        "Nome": "Mopa Microfibra 1.2 Spray Max",
        "Marca": "Vileda",
        "Preco": 29.99,
        "Unidade_Info": "1 Un | 29,99 €/Un",
        "Categorias_GTM": "Acessórios, Casa, Limpeza da Casa, Categoria Referência SFCC",
        "Data_Coleta": "2025-06-01 02:25:38"
    },
    {
        "ID_Produto": "880944",
        "Categoria_Scraping": "casa",
        "Nome": "Detergente Máquina Roupa Líquido Baby",
        "Marca": "A+",
        "Preco": 8.99,
        "Unidade_Info": "56 Dos | 0,16 €/Dos",
        "Categorias_GTM": "Casa, Detergente, Roupa, Categoria Referência SFCC",
        "Data_Coleta": "2025-06-01 02:25:38"
    },
    {
        "ID_Produto": "915873",
        "Categoria_Scraping": "casa",
        "Nome": "Balde de Limpeza",
        "Marca": "Ultra",
        "Preco": 3.19,
        "Unidade_Info": "1 Un | 3,19 €/Un",
        "Categorias_GTM": "As Nossas Marcas, Ultra, Categoria Referência SFCC, Acessórios, Casa",
        "Data_Coleta": "2025-06-01 02:25:38"
    },
    {
        "ID_Produto": "925458",
        "Categoria_Scraping": "casa",
        "Nome": "Detergente Máquina Roupa Cápsulas Active Hygiene",
        "Marca": "A+",
        "Preco": 10.99,
        "Unidade_Info": "56 Dos | 0,2 €/Dos",
        "Categorias_GTM": "Roupa, Categoria Referência SFCC, Casa, Detergente",
        "Data_Coleta": "2025-06-01 02:25:38"
    },
    {
        "ID_Produto": "884556",
        "Categoria_Scraping": "casa",
        "Nome": "Tira Nódoas em Pó Oxy Plus",
        "Marca": "Ultra",
        "Preco": 3.09,
        "Unidade_Info": "1 Kg | 3,09 €/Kg",
        "Categorias_GTM": "As Nossas Marcas, Ultra, Aditivos, Casa, Roupa",
        "Data_Coleta": "2025-06-01 02:25:38"
    },
    {
        "ID_Produto": "931458",
        "Categoria_Scraping": "casa",
        "Nome": "Anti-Calcário em Pastilha",
        "Marca": "Ultra",
        "Preco": 3.09,
        "Unidade_Info": "40 Un | 0,08 €/Un",
        "Categorias_GTM": "As Nossas Marcas, Ultra, Categoria Referência SFCC, Casa, Cuidado da Máquina",
        "Data_Coleta": "2025-06-01 02:25:38"
    },
    {
        "ID_Produto": "889561",
        "Categoria_Scraping": "casa",
        "Nome": "Creme para Calçado Autobrilhante Preto",
        "Marca": "Home 7",
        "Preco": 1.19,
        "Unidade_Info": "0.04 L | 29,75 €/L",
        "Categorias_GTM": "Categoria Referência SFCC, Casa, Limpeza do Calçado",
        "Data_Coleta": "2025-06-01 02:25:38"
    },
    {
        "ID_Produto": "776059",
        "Categoria_Scraping": "casa",
        "Nome": "Recarga Ambientador Automático Relaxing Zen Sense & Spray",
        "Marca": "Glade",
        "Preco": 5.19,
        "Unidade_Info": "0.036 L | 144,17 €/L",
        "Categorias_GTM": "Promoções, Poupe Esta Semana, Categoria Referência SFCC, Ambientadores, Ambientadores",
        "Data_Coleta": "2025-06-01 02:25:38"
    },
    {
        "ID_Produto": "776781",
        "Categoria_Scraping": "casa",
        "Nome": "Luvas Descartáveis Pequeno/Médio",
        "Marca": "Home 7",
        "Preco": 0.79,
        "Unidade_Info": "10 Un | 0,08 €/Un",
        "Categorias_GTM": "Categoria Referência SFCC, Acessórios, Casa, Limpeza da Casa",
        "Data_Coleta": "2025-06-01 02:25:38"
    },
    {
        "ID_Produto": "903656",
        "Categoria_Scraping": "casa",
        "Nome": "Sacos do Lixo Fecho Fácil Lavanda 30L",
        "Marca": "Pingo Doce",
        "Preco": 1.19,
        "Unidade_Info": "20 Un | 0,06 €/Un",
        "Categorias_GTM": "As Nossas Marcas, Pingo Doce, Casa, Sacos do Lixo, Categoria Referência SFCC",
        "Data_Coleta": "2025-06-01 02:25:38"
    },
    {
        "ID_Produto": "904161",
        "Categoria_Scraping": "casa",
        "Nome": "Guardanapos 2 Folhas - 90 un",
        "Marca": "Pingo Doce",
        "Preco": 1.09,
        "Unidade_Info": "90 Un | 0,01 €/Un",
        "Categorias_GTM": "As Nossas Marcas, Pingo Doce, Casa, Guardanapos, Categoria Referência SFCC",
        "Data_Coleta": "2025-06-01 02:25:38"
    },
    {
        "ID_Produto": "977434",
        "Categoria_Scraping": "casa",
        "Nome": "Detergente Máquina Roupa Líquido Sabão Natural",
        "Marca": "Ultra",
        "Preco": 3.29,
        "Unidade_Info": "44 Dos | 0,07 €/Dos",
        "Categorias_GTM": "As Nossas Marcas, Ultra, Casa, Detergente, Roupa",
        "Data_Coleta": "2025-06-01 02:25:46"
    },
    {
        "ID_Produto": "979111",
        "Categoria_Scraping": "casa",
        "Nome": "Detergente Máquina Roupa Líquido Expert Stain Removal",
        "Marca": "Persil",
        "Preco": 13.79,
        "Unidade_Info": "54 Dos | 0,26 €/Dos",
        "Categorias_GTM": "Casa, Detergente, Roupa, Categoria Referência SFCC",
        "Data_Coleta": "2025-06-01 02:25:46"
    },
    {
        "ID_Produto": "815224",
        "Categoria_Scraping": "casa",
        "Nome": "Detergente Loiça Manual Ultra Limão",
        "Marca": "Fairy",
        "Preco": 2.54,
        "Unidade_Info": "0.48 L | 5,29 €/L",
        "Categorias_GTM": "Categoria Referência SFCC, Casa, Detergente Manual, Loiça, Poupe Esta Semana",
        "Data_Coleta": "2025-06-01 02:25:46"
    },
    {
        "ID_Produto": "670168",
        "Categoria_Scraping": "casa",
        "Nome": "Pastilhas de Descalcificação para Máquina de Café",
        "Marca": "Flama",
        "Preco": 3.99,
        "Unidade_Info": "1 Un | 3,99 €/Un",
        "Categorias_GTM": "Categoria Referência SFCC, Roupa, Casa",
        "Data_Coleta": "2025-06-01 02:25:46"
    },
    {
        "ID_Produto": "815225",
        "Categoria_Scraping": "casa",
        "Nome": "Detergente Loiça Manual Regular",
        "Marca": "Fairy",
        "Preco": 2.54,
        "Unidade_Info": "0.48 L | 5,29 €/L",
        "Categorias_GTM": "Categoria Referência SFCC, Casa, Detergente Manual, Loiça, Poupe Esta Semana",
        "Data_Coleta": "2025-06-01 02:25:46"
    },
    {
        "ID_Produto": "692250",
        "Categoria_Scraping": "casa",
        "Nome": "Luvas de Limpeza Médio/Grande",
        "Marca": "Vileda",
        "Preco": 2.29,
        "Unidade_Info": "1 Un | 2,29 €/Un",
        "Categorias_GTM": "Categoria Referência SFCC, Acessórios, Casa, Limpeza da Casa",
        "Data_Coleta": "2025-06-01 02:25:46"
    },
    {
        "ID_Produto": "690570",
        "Categoria_Scraping": "casa",
        "Nome": "Pano Suave Duplo",
        "Marca": "Vileda",
        "Preco": 1.99,
        "Unidade_Info": "2 Un | 1 €/Un",
        "Categorias_GTM": "Categoria Referência SFCC, Limpeza da Casa, Acessórios, Casa",
        "Data_Coleta": "2025-06-01 02:25:46"
    },
    {
        "ID_Produto": "976127",
        "Categoria_Scraping": "casa",
        "Nome": "Detergente Máquina Roupa Cápsulas Clean",
        "Marca": "Skip",
        "Preco": 14.99,
        "Unidade_Info": "60 Dos | 0,25 €/Dos",
        "Categorias_GTM": "Casa, Detergente, Roupa, Categoria Referência SFCC",
        "Data_Coleta": "2025-06-01 02:25:46"
    },
    {
        "ID_Produto": "978573",
        "Categoria_Scraping": "casa",
        "Nome": "Detergente Máquina Roupa Líquido Universal",
        "Marca": "Persil",
        "Preco": 11.49,
        "Unidade_Info": "60 Dos | 0,19 €/Dos",
        "Categorias_GTM": "Casa, Detergente, Roupa, Categoria Referência SFCC",
        "Data_Coleta": "2025-06-01 02:25:46"
    },
    {
        "ID_Produto": "980959",
        "Categoria_Scraping": "casa",
        "Nome": "Detergente Máquina Roupa Líquido Roupa Limpa",
        "Marca": "Xau",
        "Preco": 9.99,
        "Unidade_Info": "85 Dos | 0,12 €/Dos",
        "Categorias_GTM": "Casa, Detergente, Roupa, Categoria Referência SFCC",
        "Data_Coleta": "2025-06-01 02:25:46"
    },
    {
        "ID_Produto": "981117",
        "Categoria_Scraping": "casa",
        "Nome": "Lava Tudo Peónia e Hibiscus",
        "Marca": "Ultra",
        "Preco": 1.24,
        "Unidade_Info": "1.5 L | 0,83 €/L",
        "Categorias_GTM": "As Nossas Marcas, Ultra, Casa, Lava Tudo, Limpeza da Casa",
        "Data_Coleta": "2025-06-01 02:25:46"
    },
    {
        "ID_Produto": "936913",
        "Categoria_Scraping": "casa",
        "Nome": "Lava Tudo Brilhante Madeira",
        "Marca": "Ultra",
        "Preco": 1.19,
        "Unidade_Info": "1.1 L | 1,08 €/L",
        "Categorias_GTM": "As Nossas Marcas, Ultra, Categoria Referência SFCC, Casa, Lava Tudo",
        "Data_Coleta": "2025-06-01 02:25:46"
    },
    {
        "ID_Produto": "985799",
        "Categoria_Scraping": "casa",
        "Nome": "Recarga Ambientador Automático White Flowers",
        "Marca": "Ultra",
        "Preco": 1.79,
        "Unidade_Info": "0.25 L | 7,16 €/L",
        "Categorias_GTM": "Ambientadores, Ambientadores, Casa, As Nossas Marcas, Ultra",
        "Data_Coleta": "2025-06-01 02:25:55"
    },
    {
        "ID_Produto": "971149",
        "Categoria_Scraping": "casa",
        "Nome": "Bloco Sanitário Discos 3 Recargas Ativas Marinho",
        "Marca": "Pato",
        "Preco": 4.39,
        "Unidade_Info": "1 Un | 4,39 €/Un",
        "Categorias_GTM": "Poupe Esta Semana, Blocos Sanitários, Casa, Limpeza da Casa, Promoções",
        "Data_Coleta": "2025-06-01 02:25:55"
    },
    {
        "ID_Produto": "971693",
        "Categoria_Scraping": "casa",
        "Nome": "Toalhitas Antitransferência de Cor",
        "Marca": "Ultra",
        "Preco": 1.99,
        "Unidade_Info": "25 Un | 0,08 €/Un",
        "Categorias_GTM": "As Nossas Marcas, Ultra, Amaciador, Casa, Roupa",
        "Data_Coleta": "2025-06-01 02:25:55"
    },
    {
        "ID_Produto": "506280",
        "Categoria_Scraping": "casa",
        "Nome": "Abrasivo Spray Cozinha Cleanboost",
        "Marca": "Cif",
        "Preco": 2.69,
        "Unidade_Info": "0.75 L | 3,59 €/L",
        "Categorias_GTM": "Poupe Esta Semana, Categoria Referência SFCC, Casa, Limpeza da Casa, Tira Gorduras",
        "Data_Coleta": "2025-06-01 02:25:55"
    },
    {
        "ID_Produto": "973181",
        "Categoria_Scraping": "casa",
        "Nome": "Bloco Sanitário Power 5 Ocean",
        "Marca": "Domestos",
        "Preco": 5.39,
        "Unidade_Info": "5 Un | 1,08 €/Un",
        "Categorias_GTM": "Blocos Sanitários, Casa, Limpeza da Casa, Poupe Esta Semana, Promoções",
        "Data_Coleta": "2025-06-01 02:25:55"
    },
    {
        "ID_Produto": "990997",
        "Categoria_Scraping": "casa",
        "Nome": "Detergente Máquina Roupa Líquido Oxi Clean",
        "Marca": "A+",
        "Preco": 14.99,
        "Unidade_Info": "80 Dos | 0,19 €/Dos",
        "Categorias_GTM": "Casa, Detergente, Roupa, Categoria Referência SFCC",
        "Data_Coleta": "2025-06-01 02:25:55"
    },
    {
        "ID_Produto": "987949",
        "Categoria_Scraping": "casa",
        "Nome": "Pilhas Alcalina AA LR6",
        "Marca": "Lethe",
        "Preco": 1.99,
        "Unidade_Info": "N/A",
        "Categorias_GTM": "Casa, Pilhas e Lâmpadas, Categoria Referência SFCC",
        "Data_Coleta": "2025-06-01 02:25:55"
    },
    {
        "ID_Produto": "979134",
        "Categoria_Scraping": "casa",
        "Nome": "Pilhas Alcalina LR14 1,5V",
        "Marca": "Lethe",
        "Preco": 1.95,
        "Unidade_Info": "N/A",
        "Categorias_GTM": "Casa, Pilhas e Lâmpadas, Categoria Referência SFCC",
        "Data_Coleta": "2025-06-01 02:25:55"
    },
    {
        "ID_Produto": "898839",
        "Categoria_Scraping": "casa",
        "Nome": "Lixívia Delicada",
        "Marca": "Ultra",
        "Preco": 1.19,
        "Unidade_Info": "2 L | 0,6 €/L",
        "Categorias_GTM": "Casa, Limpeza da Casa, Lixívia, As Nossas Marcas, Ultra",
        "Data_Coleta": "2025-06-01 02:25:55"
    },
    {
        "ID_Produto": "884877",
        "Categoria_Scraping": "casa",
        "Nome": "Carvão Vegetal",
        "Marca": "BBQ Lovers",
        "Preco": 5.19,
        "Unidade_Info": "N/A",
        "Categorias_GTM": "Acendalhas, Carvão e Fósforos, Casa, Categoria Referência SFCC",
        "Data_Coleta": "2025-06-01 02:25:55"
    },
    {
        "ID_Produto": "767807",
        "Categoria_Scraping": "casa",
        "Nome": "Briquetes",
        "Marca": "Joinco",
        "Preco": 4.69,
        "Unidade_Info": "1 Un | 4,69 €/Un",
        "Categorias_GTM": "Acendalhas, Carvão e Fósforos, Casa",
        "Data_Coleta": "2025-06-01 02:25:55"
    },
    {
        "ID_Produto": "965743",
        "Categoria_Scraping": "casa",
        "Nome": "LED 50W MR16 36D RF ND SRT4",
        "Marca": "Philips",
        "Preco": 10.49,
        "Unidade_Info": "N/A",
        "Categorias_GTM": "Casa, Pilhas e Lâmpadas, Categoria Referência SFCC",
        "Data_Coleta": "2025-06-01 02:25:55"
    },
    {
        "ID_Produto": "755341",
        "Categoria_Scraping": "casa",
        "Nome": "Cera Acrílica Pavimentos de Madeira",
        "Marca": "Ultra",
        "Preco": 2.59,
        "Unidade_Info": "0.75 L | 3,45 €/L",
        "Categorias_GTM": "Casa, Limpeza Específica, Limpeza da Casa, Categoria Referência SFCC, As Nossas Marcas",
        "Data_Coleta": "2025-06-01 02:26:03"
    },
    {
        "ID_Produto": "753486",
        "Categoria_Scraping": "casa",
        "Nome": "Recarca Esfregona Industrial",
        "Marca": "Fapil",
        "Preco": 1.89,
        "Unidade_Info": "1 Un | 1,89 €/Un",
        "Categorias_GTM": "Limpeza da Casa, Acessórios, Casa, Categoria Referência SFCC",
        "Data_Coleta": "2025-06-01 02:26:03"
    },
    {
        "ID_Produto": "933270",
        "Categoria_Scraping": "casa",
        "Nome": "Ambientador Absorve Odores Relva Fresca",
        "Marca": "Ambipur",
        "Preco": 2.49,
        "Unidade_Info": "1 Un | 2,49 €/Un",
        "Categorias_GTM": "Promoções, Ambientadores, Ambientadores, Casa, Poupe Esta Semana",
        "Data_Coleta": "2025-06-01 02:26:03"
    },
    {
        "ID_Produto": "303092",
        "Categoria_Scraping": "casa",
        "Nome": "Recarga Ambientador Lavanda Touch & Fresh",
        "Marca": "Glade",
        "Preco": 2.39,
        "Unidade_Info": "1 Un | 2,39 €/Un",
        "Categorias_GTM": "Ambientadores, Ambientadores, Casa, Poupe Esta Semana, Promoções",
        "Data_Coleta": "2025-06-01 02:26:03"
    },
    {
        "ID_Produto": "102816",
        "Categoria_Scraping": "casa",
        "Nome": "Esfregona Industrial com Cabo Metálico",
        "Marca": "Fapil",
        "Preco": 2.99,
        "Unidade_Info": "1 Un | 2,99 €/Un",
        "Categorias_GTM": "Acessórios, Casa, Limpeza da Casa, Categoria Referência SFCC",
        "Data_Coleta": "2025-06-01 02:26:03"
    },
    {
        "ID_Produto": "741997",
        "Categoria_Scraping": "casa",
        "Nome": "Recarga Ambientador Automático Relax Zen",
        "Marca": "Glade",
        "Preco": 3.49,
        "Unidade_Info": "0.269 L | 12,97 €/L",
        "Categorias_GTM": "Categoria Referência SFCC, Ambientadores, Ambientadores, Casa, Poupe Esta Semana",
        "Data_Coleta": "2025-06-01 02:26:03"
    },
    {
        "ID_Produto": "744398",
        "Categoria_Scraping": "casa",
        "Nome": "Detergente Loiça Manual Limão",
        "Marca": "Ultra",
        "Preco": 0.89,
        "Unidade_Info": "1 L | 0,89 €/L",
        "Categorias_GTM": "Categoria Referência SFCC, Casa, Detergente Manual, Loiça, As Nossas Marcas",
        "Data_Coleta": "2025-06-01 02:26:03"
    },
    {
        "ID_Produto": "751677",
        "Categoria_Scraping": "casa",
        "Nome": "Lava Tudo Brilhante para Madeira",
        "Marca": "Sonasol",
        "Preco": 2.79,
        "Unidade_Info": "1.1 L | 2,54 €/L",
        "Categorias_GTM": "Poupe Esta Semana, Categoria Referência SFCC, Promoções, Casa, Lava Tudo",
        "Data_Coleta": "2025-06-01 02:26:03"
    },
    {
        "ID_Produto": "410607",
        "Categoria_Scraping": "casa",
        "Nome": "Ambientador Mini Fresh Talco",
        "Marca": "Fapil",
        "Preco": 1.99,
        "Unidade_Info": "1 Un | 1,99 €/Un",
        "Categorias_GTM": "Ambientadores, Casa, Ambientadores, Categoria Referência SFCC",
        "Data_Coleta": "2025-06-01 02:26:03"
    },
    {
        "ID_Produto": "761077",
        "Categoria_Scraping": "casa",
        "Nome": "Vela Duo Baunilha",
        "Marca": "Air Wick",
        "Preco": 4.89,
        "Unidade_Info": "1 Un | 4,89 €/Un",
        "Categorias_GTM": "Poupe Esta Semana, Categoria Referência SFCC, Promoções, Ambientadores, Casa",
        "Data_Coleta": "2025-06-01 02:26:03"
    },
    {
        "ID_Produto": "752185",
        "Categoria_Scraping": "casa",
        "Nome": "Removedor de Bolores e Fungos",
        "Marca": "UHU",
        "Preco": 4.19,
        "Unidade_Info": "0.5 L | 8,38 €/L",
        "Categorias_GTM": "Promoções, Poupe Esta Semana, Categoria Referência SFCC, Bricolagem, Casa",
        "Data_Coleta": "2025-06-01 02:26:03"
    },
    {
        "ID_Produto": "818698",
        "Categoria_Scraping": "casa",
        "Nome": "Bloco Sanitário Blue Activ Floral",
        "Marca": "Bref Sonasol",
        "Preco": 1.98,
        "Unidade_Info": "1 Un | 1,98 €/Un",
        "Categorias_GTM": "Poupe Esta Semana, Categoria Referência SFCC, Limpeza da Casa, Blocos Sanitários, Casa",
        "Data_Coleta": "2025-06-01 02:26:03"
    },
    {
        "ID_Produto": "764380",
        "Categoria_Scraping": "casa",
        "Nome": "Gel Sanitário Higiene com Lixívia",
        "Marca": "Neoblanc",
        "Preco": 2.29,
        "Unidade_Info": "0.7 L | 3,27 €/L",
        "Categorias_GTM": "Abrasivos, Casa, Limpeza da Casa, Categoria Referência SFCC",
        "Data_Coleta": "2025-06-01 02:26:12"
    },
    {
        "ID_Produto": "929889",
        "Categoria_Scraping": "casa",
        "Nome": "Balões Mix de Cores 24 Unidades",
        "Marca": "Fancy Brands",
        "Preco": 1.69,
        "Unidade_Info": "24 Un | 0,07 €/Un",
        "Categorias_GTM": "Casa, Artigos de Festa e Descartáveis, Categoria Referência SFCC",
        "Data_Coleta": "2025-06-01 02:26:12"
    },
    {
        "ID_Produto": "823006",
        "Categoria_Scraping": "casa",
        "Nome": "Detergente Loiça Manual Super Citrinos",
        "Marca": "Super Pop",
        "Preco": 2.89,
        "Unidade_Info": "1 L | 2,89 €/L",
        "Categorias_GTM": "Promoções, Casa, Detergente Manual, Loiça, Poupe Esta Semana",
        "Data_Coleta": "2025-06-01 02:26:12"
    },
    {
        "ID_Produto": "828811",
        "Categoria_Scraping": "casa",
        "Nome": "Água Perfumada para Engomar Pétalas de Rosa",
        "Marca": "Ultra",
        "Preco": 0.65,
        "Unidade_Info": "1 L | 0,65 €/L",
        "Categorias_GTM": "As Nossas Marcas, Ultra, Casa, Roupa, Categoria Referência SFCC",
        "Data_Coleta": "2025-06-01 02:26:12"
    },
    {
        "ID_Produto": "828842",
        "Categoria_Scraping": "casa",
        "Nome": "Bloco Sanitário Aqua Poder Ativo",
        "Marca": "Bref Sonasol",
        "Preco": 4.39,
        "Unidade_Info": "1 Un | 4,39 €/Un",
        "Categorias_GTM": "Promoções, Categoria Referência SFCC, Blocos Sanitários, Casa, Limpeza da Casa",
        "Data_Coleta": "2025-06-01 02:26:12"
    },
    {
        "ID_Produto": "977230",
        "Categoria_Scraping": "casa",
        "Nome": "Acendalhas Sólidas",
        "Marca": "Extra +",
        "Preco": 1.15,
        "Unidade_Info": "1 Un | 1,15 €/Un",
        "Categorias_GTM": "Acendalhas, Carvão e Fósforos, Casa, Categoria Referência SFCC",
        "Data_Coleta": "2025-06-01 02:26:12"
    },
    {
        "ID_Produto": "977968",
        "Categoria_Scraping": "casa",
        "Nome": "Ambientador Vela Mel e Chocolate",
        "Marca": "Glade",
        "Preco": 2.49,
        "Unidade_Info": "0.112 Kg | 22,23 €/Kg",
        "Categorias_GTM": "Ambientadores, Casa, Velas, Categoria Referência SFCC, Poupe Esta Semana",
        "Data_Coleta": "2025-06-01 02:26:12"
    },
    {
        "ID_Produto": "980667",
        "Categoria_Scraping": "casa",
        "Nome": "Vela Aniversário Nº2",
        "Marca": "Pingo Doce",
        "Preco": 0.59,
        "Unidade_Info": "1 Un | 0,59 €/Un",
        "Categorias_GTM": "As Nossas Marcas, Pingo Doce, Casa, Artigos de Festa e Descartáveis, Categoria Referência SFCC",
        "Data_Coleta": "2025-06-01 02:26:12"
    },
    {
        "ID_Produto": "823785",
        "Categoria_Scraping": "casa",
        "Nome": "Papel Vegetal 30 Folhas",
        "Marca": "Pingo Doce",
        "Preco": 1.25,
        "Unidade_Info": "30 Un | 0,04 €/Un",
        "Categorias_GTM": "As Nossas Marcas, Pingo Doce, Categoria Referência SFCC, Casa, Conservação de Alimentos",
        "Data_Coleta": "2025-06-01 02:26:12"
    },
    {
        "ID_Produto": "55647",
        "Categoria_Scraping": "casa",
        "Nome": "Abrasivo Gel Sanitário",
        "Marca": "Cif",
        "Preco": 1.44,
        "Unidade_Info": "0.75 L | 1,92 €/L",
        "Categorias_GTM": "Promoções, Categoria Referência SFCC, Abrasivos, Casa, Limpeza da Casa",
        "Data_Coleta": "2025-06-01 02:26:12"
    },
    {
        "ID_Produto": "384346",
        "Categoria_Scraping": "casa",
        "Nome": "Lixívia em Gel",
        "Marca": "Neoblanc",
        "Preco": 3.99,
        "Unidade_Info": "2 L | 2 €/L",
        "Categorias_GTM": "Casa, Limpeza da Casa, Lixívia, Categoria Referência SFCC",
        "Data_Coleta": "2025-06-01 02:26:12"
    },
    {
        "ID_Produto": "947209",
        "Categoria_Scraping": "casa",
        "Nome": "Fita LED RGB 5M 3W 120LM Lethe",
        "Marca": "Lethe",
        "Preco": 12.99,
        "Unidade_Info": "N/A",
        "Categorias_GTM": "Categoria Referência SFCC, Casa, Pilhas e Lâmpadas, Poupe Esta Semana, Promoções",
        "Data_Coleta": "2025-06-01 02:26:12"
    },
    {
        "ID_Produto": "936384",
        "Categoria_Scraping": "casa",
        "Nome": "Vela Ambientadora Frutos Vermelhos",
        "Marca": "Ultra",
        "Preco": 1.79,
        "Unidade_Info": "1 Un | 1,79 €/Un",
        "Categorias_GTM": "As Nossas Marcas, Ultra, Categoria Referência SFCC, Ambientadores, Casa",
        "Data_Coleta": "2025-06-01 02:26:21"
    },
    {
        "ID_Produto": "41879",
        "Categoria_Scraping": "casa",
        "Nome": "Lixívia Tradicional",
        "Marca": "Neoblanc",
        "Preco": 2.35,
        "Unidade_Info": "2 L | 1,18 €/L",
        "Categorias_GTM": "Casa, Limpeza da Casa, Lixívia, Categoria Referência SFCC",
        "Data_Coleta": "2025-06-01 02:26:21"
    },
    {
        "ID_Produto": "39411",
        "Categoria_Scraping": "casa",
        "Nome": "Balde com Espremedor",
        "Marca": "Vileda",
        "Preco": 16.99,
        "Unidade_Info": "1 Un | 16,99 €/Un",
        "Categorias_GTM": "Acessórios, Casa, Limpeza da Casa, Categoria Referência SFCC",
        "Data_Coleta": "2025-06-01 02:26:21"
    },
    {
        "ID_Produto": "729063",
        "Categoria_Scraping": "casa",
        "Nome": "Lixívia Delicada Gentil",
        "Marca": "Neoblanc",
        "Preco": 5.99,
        "Unidade_Info": "2 L | 3 €/L",
        "Categorias_GTM": "Categoria Referência SFCC, Limpeza da Casa, Lixívia, Casa",
        "Data_Coleta": "2025-06-01 02:26:21"
    },
    {
        "ID_Produto": "980665",
        "Categoria_Scraping": "casa",
        "Nome": "Vela Aniversário Nº0",
        "Marca": "Pingo Doce",
        "Preco": 0.59,
        "Unidade_Info": "1 Un | 0,59 €/Un",
        "Categorias_GTM": "As Nossas Marcas, Pingo Doce, Casa, Artigos de Festa e Descartáveis, Categoria Referência SFCC",
        "Data_Coleta": "2025-06-01 02:26:21"
    },
    {
        "ID_Produto": "749930",
        "Categoria_Scraping": "casa",
        "Nome": "Multisuperfícies Spray",
        "Marca": "Ultra",
        "Preco": 1.24,
        "Unidade_Info": "1 L | 1,24 €/L",
        "Categorias_GTM": "Categoria Referência SFCC, Casa, Limpeza da Casa, Multiusos, As Nossas Marcas",
        "Data_Coleta": "2025-06-01 02:26:21"
    },
    {
        "ID_Produto": "766174",
        "Categoria_Scraping": "casa",
        "Nome": "Recarga Ambientador Automático Relax Zen",
        "Marca": "Glade",
        "Preco": 5.19,
        "Unidade_Info": "0.538 L | 9,65 €/L",
        "Categorias_GTM": "Categoria Referência SFCC, Poupe Esta Semana, Promoções, Ambientadores, Ambientadores",
        "Data_Coleta": "2025-06-01 02:26:21"
    },
    {
        "ID_Produto": "755343",
        "Categoria_Scraping": "casa",
        "Nome": "Lava e Encera Alfazema",
        "Marca": "Ultra",
        "Preco": 1.79,
        "Unidade_Info": "0.75 L | 2,39 €/L",
        "Categorias_GTM": "As Nossas Marcas, Ultra, Categoria Referência SFCC, Casa, Limpeza da Casa",
        "Data_Coleta": "2025-06-01 02:26:21"
    },
    {
        "ID_Produto": "987445",
        "Categoria_Scraping": "casa",
        "Nome": "Ambientador Vela Sandalwood",
        "Marca": "Glade",
        "Preco": 2.99,
        "Unidade_Info": "0.112 Kg | 26,7 €/Kg",
        "Categorias_GTM": "Ambientadores, Casa, Velas, Categoria Referência SFCC, Poupe Este Fim De Semana",
        "Data_Coleta": "2025-06-01 02:26:21"
    },
    {
        "ID_Produto": "23615",
        "Categoria_Scraping": "casa",
        "Nome": "Algodão Limpa Pratas",
        "Marca": "Duraglit",
        "Preco": 9.99,
        "Unidade_Info": "0.075 Kg | 133,2 €/Kg",
        "Categorias_GTM": "Casa, Limpeza da Casa, Limpeza Específica, Categoria Referência SFCC",
        "Data_Coleta": "2025-06-01 02:26:21"
    },
    {
        "ID_Produto": "860832",
        "Categoria_Scraping": "casa",
        "Nome": "Recarga Ambientador Essencial Mist Explosão Cítrica",
        "Marca": "Air Wick",
        "Preco": 4.99,
        "Unidade_Info": "1 Un | 4,99 €/Un",
        "Categorias_GTM": "Ambientadores, Ambientadores, Casa, Promoções, Poupe Esta Semana",
        "Data_Coleta": "2025-06-01 02:26:21"
    },
    {
        "ID_Produto": "730970",
        "Categoria_Scraping": "casa",
        "Nome": "Gel Combustível Inflame",
        "Marca": "Flamax",
        "Preco": 5.99,
        "Unidade_Info": "N/A",
        "Categorias_GTM": "Categoria Referência SFCC, Poupe Esta Semana, Promoções, Acendalhas, Carvão e Fósforos, Casa",
        "Data_Coleta": "2025-06-01 02:26:21"
    },
    {
        "ID_Produto": "899773",
        "Categoria_Scraping": "casa",
        "Nome": "Bloco Sanitário Floral Triplo Blue Active",
        "Marca": "Bref Sonasol",
        "Preco": 4.39,
        "Unidade_Info": "3 Un | 1,46 €/Un",
        "Categorias_GTM": "Promoções, Poupe Esta Semana, Categoria Referência SFCC, Blocos Sanitários, Casa",
        "Data_Coleta": "2025-06-01 02:26:30"
    },
    {
        "ID_Produto": "815065",
        "Categoria_Scraping": "casa",
        "Nome": "Recarga Ambientador Elétrico Life Scents Delícias de Verão",
        "Marca": "Air Wick",
        "Preco": 4.49,
        "Unidade_Info": "1 Un | 4,49 €/Un",
        "Categorias_GTM": "Poupe Esta Semana, Promoções, Categoria Referência SFCC, Ambientadores, Ambientadores",
        "Data_Coleta": "2025-06-01 02:26:30"
    },
    {
        "ID_Produto": "962520",
        "Categoria_Scraping": "casa",
        "Nome": "Lava Tudo Lavanda",
        "Marca": "Cif",
        "Preco": 1.99,
        "Unidade_Info": "1.3 L | 1,53 €/L",
        "Categorias_GTM": "Casa, Lava Tudo, Limpeza da Casa, Promoções, Poupe Esta Semana",
        "Data_Coleta": "2025-06-01 02:26:30"
    },
    {
        "ID_Produto": "912129",
        "Categoria_Scraping": "casa",
        "Nome": "Lava Tudo Madeiras Amêndoa",
        "Marca": "Ajax",
        "Preco": 1.99,
        "Unidade_Info": "1 L | 1,99 €/L",
        "Categorias_GTM": "Casa, Lava Tudo, Limpeza da Casa, Promoções, Poupe Esta Semana",
        "Data_Coleta": "2025-06-01 02:26:30"
    },
    {
        "ID_Produto": "977946",
        "Categoria_Scraping": "casa",
        "Nome": "Pastilhas para Máquina Loiça Quantum Limão",
        "Marca": "Finish",
        "Preco": 12.49,
        "Unidade_Info": "64 Un | 0,2 €/Un",
        "Categorias_GTM": "Promoções, Casa, Detergente Máquina, Loiça, Poupe Esta Semana",
        "Data_Coleta": "2025-06-01 02:26:30"
    },
    {
        "ID_Produto": "923498",
        "Categoria_Scraping": "casa",
        "Nome": "Floreira com Suporte",
        "Marca": "Plástico Forte",
        "Preco": 7.49,
        "Unidade_Info": "N/A",
        "Categorias_GTM": "Promoções, Poupe Esta Semana, Categoria Referência SFCC, Casa, Jardim",
        "Data_Coleta": "2025-06-01 02:26:30"
    },
    {
        "ID_Produto": "936572",
        "Categoria_Scraping": "casa",
        "Nome": "Amaciador da Roupa Intense Care Revive Comfort 60 doses",
        "Marca": "Calgon",
        "Preco": 6.99,
        "Unidade_Info": "20 Dos | 0,35 €/Dos",
        "Categorias_GTM": "Casa, Cuidado da Máquina, Roupa, Categoria Referência SFCC, Promoções",
        "Data_Coleta": "2025-06-01 02:26:30"
    },
    {
        "ID_Produto": "860512",
        "Categoria_Scraping": "casa",
        "Nome": "Pastilhas Limpa Máquina da Loiça",
        "Marca": "Finish",
        "Preco": 5.49,
        "Unidade_Info": "3 Un | 1,83 €/Un",
        "Categorias_GTM": "Casa, Detergente Máquina, Loiça, Categoria Referência SFCC, Promoções",
        "Data_Coleta": "2025-06-01 02:26:30"
    },
    {
        "ID_Produto": "862059",
        "Categoria_Scraping": "casa",
        "Nome": "Gel Sanitário Eucalipto",
        "Marca": "Harpic",
        "Preco": 1.99,
        "Unidade_Info": "0.75 L | 2,65 €/L",
        "Categorias_GTM": "Abrasivos, Casa, Limpeza da Casa, Categoria Referência SFCC, Promoções",
        "Data_Coleta": "2025-06-01 02:26:30"
    },
    {
        "ID_Produto": "935552",
        "Categoria_Scraping": "casa",
        "Nome": "Detergente Loiça Manual Original Limão",
        "Marca": "Super Pop",
        "Preco": 3.49,
        "Unidade_Info": "1.3 L | 2,68 €/L",
        "Categorias_GTM": "Categoria Referência SFCC, Poupe Esta Semana, Casa, Detergente Manual, Loiça",
        "Data_Coleta": "2025-06-01 02:26:30"
    },
    {
        "ID_Produto": "989305",
        "Categoria_Scraping": "casa",
        "Nome": "Pastilhas para Máquina Loiça Tudo em Um Limão",
        "Marca": "Fairy",
        "Preco": 11.99,
        "Unidade_Info": "56 Un | 0,21 €/Un",
        "Categorias_GTM": "Casa, Detergente Máquina, Loiça, Promoções, Poupe Esta Semana",
        "Data_Coleta": "2025-06-01 02:26:30"
    },
    {
        "ID_Produto": "955710",
        "Categoria_Scraping": "casa",
        "Nome": "Vaso Quartzo",
        "Marca": "Plástico Forte",
        "Preco": 1.29,
        "Unidade_Info": "N/A",
        "Categorias_GTM": "Categoria Referência SFCC, Poupe Esta Semana, Promoções, Casa, Jardim",
        "Data_Coleta": "2025-06-01 02:26:30"
    },
    {
        "ID_Produto": "959840",
        "Categoria_Scraping": "casa",
        "Nome": "Ambientador Vela Rosas e Jasmin",
        "Marca": "Air Wick",
        "Preco": 2.49,
        "Unidade_Info": "1 Un | 2,49 €/Un",
        "Categorias_GTM": "Promoções, Poupe Esta Semana, Velas, Ambientadores, Casa",
        "Data_Coleta": "2025-06-01 02:26:39"
    },
    {
        "ID_Produto": "959984",
        "Categoria_Scraping": "casa",
        "Nome": "Recarga Ambientador Elétrico Duo Lavanda Camomila",
        "Marca": "Air Wick",
        "Preco": 5.49,
        "Unidade_Info": "1 Un | 5,49 €/Un",
        "Categorias_GTM": "Promoções, Poupe Esta Semana, Ambientadores, Ambientadores, Casa",
        "Data_Coleta": "2025-06-01 02:26:39"
    },
    {
        "ID_Produto": "882330",
        "Categoria_Scraping": "casa",
        "Nome": "Inseticida Elétrico",
        "Marca": "Raid",
        "Preco": 11.99,
        "Unidade_Info": "1 Un | 11,99 €/Un",
        "Categorias_GTM": "Poupe Esta Semana, Casa, Inseticidas, Promoções, Categoria Referência SFCC",
        "Data_Coleta": "2025-06-01 02:26:39"
    },
    {
        "ID_Produto": "943757",
        "Categoria_Scraping": "casa",
        "Nome": "Bloco Sanitário Poder Ativo Hawai",
        "Marca": "Bref Sonasol",
        "Preco": 2.99,
        "Unidade_Info": "2 Un | 1,5 €/Un",
        "Categorias_GTM": "Categoria Referência SFCC, Poupe Esta Semana, Blocos Sanitários, Casa, Limpeza da Casa",
        "Data_Coleta": "2025-06-01 02:26:39"
    },
    {
        "ID_Produto": "889189",
        "Categoria_Scraping": "casa",
        "Nome": "Recarga Ambientador Elétrico Relax Zen",
        "Marca": "Glade",
        "Preco": 5.19,
        "Unidade_Info": "0.012 L | 432,5 €/L",
        "Categorias_GTM": "Promoções, Poupe Esta Semana, Categoria Referência SFCC, Ambientadores, Ambientadores",
        "Data_Coleta": "2025-06-01 02:26:39"
    },
    {
        "ID_Produto": "909468",
        "Categoria_Scraping": "casa",
        "Nome": "Recarga Ambientador Elétrico Smooth & Santin",
        "Marca": "Air Wick",
        "Preco": 3.59,
        "Unidade_Info": "1 Un | 3,59 €/Un",
        "Categorias_GTM": "Ambientadores, Ambientadores, Casa, Promoções, Poupe Esta Semana",
        "Data_Coleta": "2025-06-01 02:26:39"
    },
    {
        "ID_Produto": "906724",
        "Categoria_Scraping": "casa",
        "Nome": "Detergente Manual Loiça Plus Citrinos",
        "Marca": "Super Pop",
        "Preco": 1.59,
        "Unidade_Info": "0.46 L | 3,46 €/L",
        "Categorias_GTM": "Promoções, Casa, Detergente Manual, Loiça, Poupe Esta Semana",
        "Data_Coleta": "2025-06-01 02:26:39"
    },
    {
        "ID_Produto": "868387",
        "Categoria_Scraping": "casa",
        "Nome": "Guardanapos 3 Folhas - 70un",
        "Marca": "Pingo Doce",
        "Preco": 1.59,
        "Unidade_Info": "70 Un | 0,02 €/Un",
        "Categorias_GTM": "Casa, Guardanapos, As Nossas Marcas, Pingo Doce, Categoria Referência SFCC",
        "Data_Coleta": "2025-06-01 02:26:39"
    },
    {
        "ID_Produto": "926345",
        "Categoria_Scraping": "casa",
        "Nome": "Vassoura Espalmada Pequena",
        "Marca": "Ultra",
        "Preco": 1.19,
        "Unidade_Info": "1 Un | 1,19 €/Un",
        "Categorias_GTM": "Acessórios, Casa, Limpeza da Casa, As Nossas Marcas, Ultra",
        "Data_Coleta": "2025-06-01 02:26:39"
    },
    {
        "ID_Produto": "943050",
        "Categoria_Scraping": "casa",
        "Nome": "Sacos Lixo com Atilho 50 L",
        "Marca": "Pingo Doce",
        "Preco": 1.15,
        "Unidade_Info": "15 Un | 0,08 €/Un",
        "Categorias_GTM": "Casa, Sacos do Lixo, Categoria Referência SFCC, As Nossas Marcas, Pingo Doce",
        "Data_Coleta": "2025-06-01 02:26:39"
    },
    {
        "ID_Produto": "904007",
        "Categoria_Scraping": "casa",
        "Nome": "Sacos do Lixo com Atilho 100L",
        "Marca": "Pingo Doce",
        "Preco": 1.29,
        "Unidade_Info": "10 Un | 0,13 €/Un",
        "Categorias_GTM": "Sacos do Lixo, Casa, As Nossas Marcas, Pingo Doce, Categoria Referência SFCC",
        "Data_Coleta": "2025-06-01 02:26:39"
    },
    {
        "ID_Produto": "906968",
        "Categoria_Scraping": "casa",
        "Nome": "Lava Tudo Perfume Lavanda",
        "Marca": "Ultra",
        "Preco": 0.99,
        "Unidade_Info": "2 L | 0,5 €/L",
        "Categorias_GTM": "Casa, Lava Tudo, Limpeza da Casa, As Nossas Marcas, Ultra",
        "Data_Coleta": "2025-06-01 02:26:39"
    },
    {
        "ID_Produto": "908052",
        "Categoria_Scraping": "casa",
        "Nome": "Rolo de Cozinha 2 Folhas Compacto 2=4 Rolos",
        "Marca": "Pingo Doce",
        "Preco": 0.99,
        "Unidade_Info": "2 Un | 0,5 €/Un",
        "Categorias_GTM": "Casa, Rolos de Cozinha, As Nossas Marcas, Pingo Doce, Categoria Referência SFCC",
        "Data_Coleta": "2025-06-01 02:26:49"
    },
    {
        "ID_Produto": "915871",
        "Categoria_Scraping": "casa",
        "Nome": "Cabo Para Recargas 1,20m",
        "Marca": "Ultra",
        "Preco": 1.29,
        "Unidade_Info": "1 Un | 1,29 €/Un",
        "Categorias_GTM": "As Nossas Marcas, Ultra, Categoria Referência SFCC, Acessórios, Casa",
        "Data_Coleta": "2025-06-01 02:26:49"
    },
    {
        "ID_Produto": "891430",
        "Categoria_Scraping": "casa",
        "Nome": "Reparador de Móveis Normais",
        "Marca": "Ultra",
        "Preco": 2.29,
        "Unidade_Info": "N/A",
        "Categorias_GTM": "As Nossas Marcas, Ultra, Categoria Referência SFCC, Casa, Limpa Vidros e Madeiras",
        "Data_Coleta": "2025-06-01 02:26:49"
    },
    {
        "ID_Produto": "660283",
        "Categoria_Scraping": "casa",
        "Nome": "Limpa Chão de Madeira com Sabão",
        "Marca": "Ultra",
        "Preco": 1.99,
        "Unidade_Info": "1.5 L | 1,33 €/L",
        "Categorias_GTM": "Categoria Referência SFCC, As Nossas Marcas, Ultra, Casa, Limpeza da Casa",
        "Data_Coleta": "2025-06-01 02:26:49"
    },
    {
        "ID_Produto": "932559",
        "Categoria_Scraping": "casa",
        "Nome": "Cera Madeira Acrílica",
        "Marca": "Splendor",
        "Preco": 5.99,
        "Unidade_Info": "0.5 L | 11,98 €/L",
        "Categorias_GTM": "Categoria Referência SFCC, Casa, Limpeza da Casa, Limpeza Específica",
        "Data_Coleta": "2025-06-01 02:26:49"
    },
    {
        "ID_Produto": "908212",
        "Categoria_Scraping": "casa",
        "Nome": "Lixívia Densa + Harmonias Florais",
        "Marca": "Neoblanc",
        "Preco": 3.99,
        "Unidade_Info": "2 L | 2 €/L",
        "Categorias_GTM": "Casa, Limpeza da Casa, Lixívia, Categoria Referência SFCC",
        "Data_Coleta": "2025-06-01 02:26:49"
    },
    {
        "ID_Produto": "915866",
        "Categoria_Scraping": "casa",
        "Nome": "Recarga Esfregona de Tiras Microfibra",
        "Marca": "Ultra",
        "Preco": 2.79,
        "Unidade_Info": "1 Un | 2,79 €/Un",
        "Categorias_GTM": "As Nossas Marcas, Ultra, Categoria Referência SFCC, Acessórios, Casa",
        "Data_Coleta": "2025-06-01 02:26:49"
    },
    {
        "ID_Produto": "889550",
        "Categoria_Scraping": "casa",
        "Nome": "Líquido para Calçado Autobrilhante Preto",
        "Marca": "Home 7",
        "Preco": 0.99,
        "Unidade_Info": "0.075 L | 13,2 €/L",
        "Categorias_GTM": "Categoria Referência SFCC, Casa, Limpeza do Calçado",
        "Data_Coleta": "2025-06-01 02:26:49"
    },
    {
        "ID_Produto": "859407",
        "Categoria_Scraping": "casa",
        "Nome": "Spray Limpa Vitro e Inos",
        "Marca": "Cif",
        "Preco": 2.49,
        "Unidade_Info": "0.435 L | 5,72 €/L",
        "Categorias_GTM": "Casa, Limpeza da Casa, Limpeza Específica, Poupe Esta Semana, Categoria Referência SFCC",
        "Data_Coleta": "2025-06-01 02:26:49"
    },
    {
        "ID_Produto": "802270",
        "Categoria_Scraping": "casa",
        "Nome": "Limpa Vidros em Spray Cristal Anti Embaciamento Ajax 500 ml",
        "Marca": "Ajax",
        "Preco": 1.97,
        "Unidade_Info": "0.5 L | 3,94 €/L",
        "Categorias_GTM": "Categoria Referência SFCC, Casa, Limpa Vidros e Madeiras, Limpeza da Casa, Poupe Esta Semana",
        "Data_Coleta": "2025-06-01 02:26:49"
    },
    {
        "ID_Produto": "887044",
        "Categoria_Scraping": "casa",
        "Nome": "Spray Limpa Vidros Brilhante",
        "Marca": "Sonasol",
        "Preco": 3.05,
        "Unidade_Info": "0.5 L | 6,1 €/L",
        "Categorias_GTM": "Casa, Limpa Vidros e Madeiras, Limpeza da Casa, Categoria Referência SFCC",
        "Data_Coleta": "2025-06-01 02:26:49"
    },
    {
        "ID_Produto": "960323",
        "Categoria_Scraping": "casa",
        "Nome": "Detergente Máquina Roupa Líquido Active Clean",
        "Marca": "Skip",
        "Preco": 11.99,
        "Unidade_Info": "76 Dos | 0,16 €/Dos",
        "Categorias_GTM": "Promoções, Poupe Esta Semana, Casa, Detergente, Roupa",
        "Data_Coleta": "2025-06-01 02:26:49"
    },
    {
        "ID_Produto": "960334",
        "Categoria_Scraping": "casa",
        "Nome": "Detergente Máquina Roupa Pó Active Clean",
        "Marca": "Skip",
        "Preco": 11.99,
        "Unidade_Info": "56 Dos | 0,21 €/Dos",
        "Categorias_GTM": "Promoções, Poupe Esta Semana, Casa, Detergente, Roupa",
        "Data_Coleta": "2025-06-01 02:26:59"
    },
    {
        "ID_Produto": "777261",
        "Categoria_Scraping": "casa",
        "Nome": "Luvas Sensíveis Médias/Grandes",
        "Marca": "Home 7",
        "Preco": 0.69,
        "Unidade_Info": "1 Un | 0,69 €/Un",
        "Categorias_GTM": "Categoria Referência SFCC, Acessórios, Casa, Limpeza da Casa",
        "Data_Coleta": "2025-06-01 02:26:59"
    },
    {
        "ID_Produto": "977937",
        "Categoria_Scraping": "casa",
        "Nome": "Pastilhas para Máquina Loiça Ultimate Plus",
        "Marca": "Finish",
        "Preco": 10.99,
        "Unidade_Info": "36 Un | 0,31 €/Un",
        "Categorias_GTM": "Promoções, Casa, Detergente Máquina, Loiça, Poupe Esta Semana",
        "Data_Coleta": "2025-06-01 02:26:59"
    },
    {
        "ID_Produto": "977948",
        "Categoria_Scraping": "casa",
        "Nome": "Pastilhas para Máquina Loiça Quantum Regular",
        "Marca": "Finish",
        "Preco": 14.99,
        "Unidade_Info": "78 Un | 0,19 €/Un",
        "Categorias_GTM": "Promoções, Casa, Detergente Máquina, Loiça, Poupe Esta Semana",
        "Data_Coleta": "2025-06-01 02:26:59"
    },
    {
        "ID_Produto": "954835",
        "Categoria_Scraping": "casa",
        "Nome": "Perfumador Roupa Floral",
        "Marca": "Ultra",
        "Preco": 2.99,
        "Unidade_Info": "36 Dos | 0,08 €/Dos",
        "Categorias_GTM": "As Nossas Marcas, Ultra, Categoria Referência SFCC, Amaciador, Casa",
        "Data_Coleta": "2025-06-01 02:26:59"
    },
    {
        "ID_Produto": "957175",
        "Categoria_Scraping": "casa",
        "Nome": "Sacos Lixo Super + Perfumados Fecho Fácil Lavanda 30 L",
        "Marca": "Vileda",
        "Preco": 2.49,
        "Unidade_Info": "15 Un | 0,17 €/Un",
        "Categorias_GTM": "Categoria Referência SFCC, Casa, Sacos do Lixo",
        "Data_Coleta": "2025-06-01 02:26:59"
    },
    {
        "ID_Produto": "960318",
        "Categoria_Scraping": "casa",
        "Nome": "Detergente Máquina Roupa Líquido Sensitive",
        "Marca": "Skip",
        "Preco": 9.99,
        "Unidade_Info": "56 Dos | 0,18 €/Dos",
        "Categorias_GTM": "Casa, Detergente, Roupa, Categoria Referência SFCC",
        "Data_Coleta": "2025-06-01 02:26:59"
    },
    {
        "ID_Produto": "960860",
        "Categoria_Scraping": "casa",
        "Nome": "Detergente Máquina Roupa Líquido Tropical",
        "Marca": "Surf",
        "Preco": 9.99,
        "Unidade_Info": "84 Dos | 0,12 €/Dos",
        "Categorias_GTM": "Casa, Detergente, Roupa, Categoria Referência SFCC",
        "Data_Coleta": "2025-06-01 02:26:59"
    },
    {
        "ID_Produto": "959069",
        "Categoria_Scraping": "casa",
        "Nome": "Amaciador Roupa Concentrado Lírios e Morango",
        "Marca": "Comfort",
        "Preco": 4.99,
        "Unidade_Info": "105 Dos | 0,05 €/Dos",
        "Categorias_GTM": "Categoria Referência SFCC, Amaciador, Casa, Roupa",
        "Data_Coleta": "2025-06-01 02:26:59"
    },
    {
        "ID_Produto": "660418",
        "Categoria_Scraping": "casa",
        "Nome": "Rolo de Cozinha Maxi Absorption XXL",
        "Marca": "Renova",
        "Preco": 1.19,
        "Unidade_Info": "1 Un | 1,19 €/Un",
        "Categorias_GTM": "Categoria Referência SFCC, Casa, Rolos de Cozinha",
        "Data_Coleta": "2025-06-01 02:26:59"
    },
    {
        "ID_Produto": "974341",
        "Categoria_Scraping": "casa",
        "Nome": "Pastilhas para Máquina Loiça All-in-One",
        "Marca": "Ultra",
        "Preco": 4.49,
        "Unidade_Info": "45 Un | 0,1 €/Un",
        "Categorias_GTM": "As Nossas Marcas, Ultra, Casa, Detergente Máquina, Loiça",
        "Data_Coleta": "2025-06-01 02:26:59"
    },
    {
        "ID_Produto": "978229",
        "Categoria_Scraping": "casa",
        "Nome": "Spray Anti-Bolores e Sujidade",
        "Marca": "Cillit Bang",
        "Preco": 2.49,
        "Unidade_Info": "0.5 L | 4,98 €/L",
        "Categorias_GTM": "Abrasivos, Casa, Limpeza da Casa, Categoria Referência SFCC, Poupe Este Fim De Semana",
        "Data_Coleta": "2025-06-01 02:26:59"
    },
    {
        "ID_Produto": "977945",
        "Categoria_Scraping": "casa",
        "Nome": "Pastilhas para Máquina Loiça Quantum Regular",
        "Marca": "Finish",
        "Preco": 10.99,
        "Unidade_Info": "56 Un | 0,2 €/Un",
        "Categorias_GTM": "Promoções, Casa, Detergente Máquina, Loiça, Poupe Esta Semana",
        "Data_Coleta": "2025-06-01 02:27:08"
    },
    {
        "ID_Produto": "981238",
        "Categoria_Scraping": "casa",
        "Nome": "Detergente Máquina Roupa Líquido Floral",
        "Marca": "Ultra",
        "Preco": 4.79,
        "Unidade_Info": "60 Dos | 0,08 €/Dos",
        "Categorias_GTM": "As Nossas Marcas, Ultra, Casa, Detergente, Roupa",
        "Data_Coleta": "2025-06-01 02:27:08"
    },
    {
        "ID_Produto": "981116",
        "Categoria_Scraping": "casa",
        "Nome": "Lava Tudo Perfume Lotus e Sal Marinho",
        "Marca": "Ultra",
        "Preco": 1.24,
        "Unidade_Info": "1.5 L | 0,83 €/L",
        "Categorias_GTM": "As Nossas Marcas, Ultra, Casa, Lava Tudo, Limpeza da Casa",
        "Data_Coleta": "2025-06-01 02:27:08"
    },
    {
        "ID_Produto": "964350",
        "Categoria_Scraping": "casa",
        "Nome": "Amaciador Roupa Concentrado Essência Pure",
        "Marca": "Comfort",
        "Preco": 3.49,
        "Unidade_Info": "74 Dos | 0,05 €/Dos",
        "Categorias_GTM": "Amaciador, Casa, Roupa, Categoria Referência SFCC",
        "Data_Coleta": "2025-06-01 02:27:08"
    },
    {
        "ID_Produto": "964383",
        "Categoria_Scraping": "casa",
        "Nome": "Amaciador Roupa Concentrado Essência Sunfresh",
        "Marca": "Comfort",
        "Preco": 3.49,
        "Unidade_Info": "74 Dos | 0,05 €/Dos",
        "Categorias_GTM": "Amaciador, Casa, Roupa, Categoria Referência SFCC",
        "Data_Coleta": "2025-06-01 02:27:08"
    },
    {
        "ID_Produto": "981259",
        "Categoria_Scraping": "casa",
        "Nome": "Bloco Sanitário 5Ball Citrinos",
        "Marca": "Ultra",
        "Preco": 2.49,
        "Unidade_Info": "0.105 Kg | 23,71 €/Kg",
        "Categorias_GTM": "As Nossas Marcas, Ultra, Blocos Sanitários, Casa, Limpeza da Casa",
        "Data_Coleta": "2025-06-01 02:27:08"
    },
    {
        "ID_Produto": "944194",
        "Categoria_Scraping": "casa",
        "Nome": "Spray Limpa Placas",
        "Marca": "Ultra",
        "Preco": 1.99,
        "Unidade_Info": "0.5 L | 3,98 €/L",
        "Categorias_GTM": "As Nossas Marcas, Ultra, Categoria Referência SFCC, Casa, Limpeza da Casa",
        "Data_Coleta": "2025-06-01 02:27:08"
    },
    {
        "ID_Produto": "964363",
        "Categoria_Scraping": "casa",
        "Nome": "Toalhitas Limpeza Sanitário",
        "Marca": "Ultra",
        "Preco": 1.39,
        "Unidade_Info": "60 Un | 0,02 €/Un",
        "Categorias_GTM": "Abrasivos, Casa, Limpeza da Casa, As Nossas Marcas, Ultra",
        "Data_Coleta": "2025-06-01 02:27:08"
    },
    {
        "ID_Produto": "968010",
        "Categoria_Scraping": "casa",
        "Nome": "Spray Anti-Bolores e Fungos",
        "Marca": "Ultra",
        "Preco": 1.79,
        "Unidade_Info": "0.5 L | 3,58 €/L",
        "Categorias_GTM": "Abrasivos, Casa, Limpeza da Casa, As Nossas Marcas, Ultra",
        "Data_Coleta": "2025-06-01 02:27:08"
    },
    {
        "ID_Produto": "969034",
        "Categoria_Scraping": "casa",
        "Nome": "Detergente Máquina Roupa Líquido Aqua",
        "Marca": "Ultra",
        "Preco": 2.99,
        "Unidade_Info": "44 Dos | 0,07 €/Dos",
        "Categorias_GTM": "Detergente, Roupa, Casa, As Nossas Marcas, Ultra",
        "Data_Coleta": "2025-06-01 02:27:08"
    },
    {
        "ID_Produto": "988122",
        "Categoria_Scraping": "casa",
        "Nome": "Panos Húmidos",
        "Marca": "Swiffer",
        "Preco": 2.99,
        "Unidade_Info": "10 Un | 0,3 €/Un",
        "Categorias_GTM": "Acessórios, Casa, Limpeza da Casa, Categoria Referência SFCC, Poupe Esta Semana",
        "Data_Coleta": "2025-06-01 02:27:08"
    },
    {
        "ID_Produto": "974085",
        "Categoria_Scraping": "casa",
        "Nome": "Ambientador Spray Air Mist Flor Exótica",
        "Marca": "Ambipur",
        "Preco": 2.24,
        "Unidade_Info": "0.185 L | 12,11 €/L",
        "Categorias_GTM": "Ambientadores, Ambientadores, Casa, Promoções, Poupe Esta Semana",
        "Data_Coleta": "2025-06-01 02:27:08"
    },
    {
        "ID_Produto": "840361",
        "Categoria_Scraping": "casa",
        "Nome": "Lava Tudo PH Neutro",
        "Marca": "Sonasol",
        "Preco": 2.09,
        "Unidade_Info": "1.3 L | 1,61 €/L",
        "Categorias_GTM": "Categoria Referência SFCC, Poupe Esta Semana, Casa, Lava Tudo, Limpeza da Casa",
        "Data_Coleta": "2025-06-01 02:27:18"
    },
    {
        "ID_Produto": "984793",
        "Categoria_Scraping": "casa",
        "Nome": "Adaptador de 3 Tomadas",
        "Marca": "Hoffen",
        "Preco": 4.99,
        "Unidade_Info": "N/A",
        "Categorias_GTM": "Casa, Pilhas e Lâmpadas, Categoria Referência SFCC",
        "Data_Coleta": "2025-06-01 02:27:18"
    },
    {
        "ID_Produto": "971530",
        "Categoria_Scraping": "casa",
        "Nome": "Amaciador Roupa Concentrado Talco",
        "Marca": "Ultra",
        "Preco": 1.85,
        "Unidade_Info": "80 Dos | 0,02 €/Dos",
        "Categorias_GTM": "As Nossas Marcas, Ultra, Amaciador, Casa, Roupa",
        "Data_Coleta": "2025-06-01 02:27:18"
    },
    {
        "ID_Produto": "851433",
        "Categoria_Scraping": "casa",
        "Nome": "Toalhitas Anti-Transferência de Cor",
        "Marca": "Vanish",
        "Preco": 5.99,
        "Unidade_Info": "32 Un | 0,19 €/Un",
        "Categorias_GTM": "Poupe Esta Semana, Amaciador, Casa, Roupa, Categoria Referência SFCC",
        "Data_Coleta": "2025-06-01 02:27:18"
    },
    {
        "ID_Produto": "672532",
        "Categoria_Scraping": "casa",
        "Nome": "Pilhas MN21",
        "Marca": "Duracell",
        "Preco": 4.49,
        "Unidade_Info": "N/A",
        "Categorias_GTM": "Categoria Referência SFCC, Casa, Pilhas e Lâmpadas",
        "Data_Coleta": "2025-06-01 02:27:18"
    },
    {
        "ID_Produto": "525455",
        "Categoria_Scraping": "casa",
        "Nome": "Esfregona de Algodão Completa",
        "Marca": "Vileda",
        "Preco": 7.99,
        "Unidade_Info": "1 Un | 7,99 €/Un",
        "Categorias_GTM": "Categoria Referência SFCC, Acessórios, Casa, Limpeza da Casa",
        "Data_Coleta": "2025-06-01 02:27:18"
    },
    {
        "ID_Produto": "856072",
        "Categoria_Scraping": "casa",
        "Nome": "Recarga Esfregona Microfibra Premium 2 em 1",
        "Marca": "Vileda",
        "Preco": 5.49,
        "Unidade_Info": "1 Un | 5,49 €/Un",
        "Categorias_GTM": "Acessórios, Casa, Limpeza da Casa, Categoria Referência SFCC",
        "Data_Coleta": "2025-06-01 02:27:18"
    },
    {
        "ID_Produto": "731598",
        "Categoria_Scraping": "casa",
        "Nome": "INSETICIDA ELET RAID REC PACK DUP 2X27ML",
        "Marca": "RAID",
        "Preco": 7.59,
        "Unidade_Info": "0.054 L | 140,56 €/L",
        "Categorias_GTM": "Casa, Categoria Referência SFCC, Inseticidas, Poupe Este Fim De Semana, Poupe Esta Semana",
        "Data_Coleta": "2025-06-01 02:27:18"
    },
    {
        "ID_Produto": "107467",
        "Categoria_Scraping": "casa",
        "Nome": "Foguetes para Bolo",
        "Marca": "Valporto",
        "Preco": 1.65,
        "Unidade_Info": "10 Un | 0,16 €/Un",
        "Categorias_GTM": "Casa, Artigos de Festa e Descartáveis, Categoria Referência SFCC",
        "Data_Coleta": "2025-06-01 02:27:18"
    },
    {
        "ID_Produto": "761339",
        "Categoria_Scraping": "casa",
        "Nome": "Vela Ambientador Maçã Duo",
        "Marca": "Air Wick",
        "Preco": 4.89,
        "Unidade_Info": "2 Un | 2,44 €/Un",
        "Categorias_GTM": "Ambientadores, Casa, Velas, Poupe Esta Semana, Categoria Referência SFCC",
        "Data_Coleta": "2025-06-01 02:27:18"
    },
    {
        "ID_Produto": "753353",
        "Categoria_Scraping": "casa",
        "Nome": "Guardanapos 2 Folhas - 100un",
        "Marca": "Pingo Doce",
        "Preco": 0.99,
        "Unidade_Info": "100 Un | 0,01 €/Un",
        "Categorias_GTM": "Casa, Guardanapos, Categoria Referência SFCC, As Nossas Marcas, Pingo Doce",
        "Data_Coleta": "2025-06-01 02:27:18"
    },
    {
        "ID_Produto": "22914",
        "Categoria_Scraping": "casa",
        "Nome": "Esfregona Super Completa",
        "Marca": "Vileda",
        "Preco": 7.99,
        "Unidade_Info": "1 Un | 7,99 €/Un",
        "Categorias_GTM": "Acessórios, Casa, Limpeza da Casa, Categoria Referência SFCC",
        "Data_Coleta": "2025-06-01 02:27:18"
    },
    {
        "ID_Produto": "966498",
        "Categoria_Scraping": "casa",
        "Nome": "Lâmpada LED Fil A604W E27 840LM 3000K Lethe",
        "Marca": "Lethe",
        "Preco": 4.99,
        "Unidade_Info": "N/A",
        "Categorias_GTM": "Casa, Pilhas e Lâmpadas, Categoria Referência SFCC",
        "Data_Coleta": "2025-06-01 02:27:28"
    },
    {
        "ID_Produto": "747494",
        "Categoria_Scraping": "casa",
        "Nome": "Rolo de Cozinha Extra XXL - 2 Rolos",
        "Marca": "Renova",
        "Preco": 2.38,
        "Unidade_Info": "2 Un | 1,19 €/Un",
        "Categorias_GTM": "Casa, Rolos de Cozinha, Categoria Referência SFCC",
        "Data_Coleta": "2025-06-01 02:27:28"
    },
    {
        "ID_Produto": "930293",
        "Categoria_Scraping": "casa",
        "Nome": "Guardanapos 3 Folhas Black Label Decorado",
        "Marca": "Renova",
        "Preco": 1.99,
        "Unidade_Info": "20 Un | 0,1 €/Un",
        "Categorias_GTM": "Casa, Artigos de Festa e Descartáveis, Categoria Referência SFCC",
        "Data_Coleta": "2025-06-01 02:27:28"
    },
    {
        "ID_Produto": "931261",
        "Categoria_Scraping": "casa",
        "Nome": "Copos de Cartão 21,5 cl Pingo Doce 10 un",
        "Marca": "Pingo Doce",
        "Preco": 0.99,
        "Unidade_Info": "10 Un | 0,1 €/Un",
        "Categorias_GTM": "As Nossas Marcas, Pingo Doce, Casa, Artigos de Festa e Descartáveis, Categoria Referência SFCC",
        "Data_Coleta": "2025-06-01 02:27:28"
    },
    {
        "ID_Produto": "383900",
        "Categoria_Scraping": "casa",
        "Nome": "Ambientador Stick Up Fresh Aqua",
        "Marca": "Air Wick",
        "Preco": 2.39,
        "Unidade_Info": "2 Un | 1,2 €/Un",
        "Categorias_GTM": "Poupe Esta Semana, Ambientadores, Ambientadores, Casa, Promoções",
        "Data_Coleta": "2025-06-01 02:27:28"
    },
    {
        "ID_Produto": "835993",
        "Categoria_Scraping": "casa",
        "Nome": "Super Cola Control",
        "Marca": "UHU",
        "Preco": 3.49,
        "Unidade_Info": "1 Un | 3,49 €/Un",
        "Categorias_GTM": "Bricolagem, Casa, Categoria Referência SFCC",
        "Data_Coleta": "2025-06-01 02:27:28"
    },
    {
        "ID_Produto": "925535",
        "Categoria_Scraping": "casa",
        "Nome": "Lança Confetis 40cm",
        "Marca": "Smukee",
        "Preco": 1.49,
        "Unidade_Info": "N/A",
        "Categorias_GTM": "Casa, Artigos de Festa e Descartáveis, Categoria Referência SFCC, Poupe Este Fim De Semana, Poupe Esta Semana",
        "Data_Coleta": "2025-06-01 02:27:28"
    },
    {
        "ID_Produto": "750666",
        "Categoria_Scraping": "casa",
        "Nome": "Limpa Carpetes",
        "Marca": "Ultra",
        "Preco": 2.29,
        "Unidade_Info": "1 L | 2,29 €/L",
        "Categorias_GTM": "Categoria Referência SFCC, Casa, Limpeza da Casa, Limpeza Específica, As Nossas Marcas",
        "Data_Coleta": "2025-06-01 02:27:28"
    },
    {
        "ID_Produto": "933274",
        "Categoria_Scraping": "casa",
        "Nome": "Ambientador com Aroma Reeds Calm",
        "Marca": "Glade",
        "Preco": 5.99,
        "Unidade_Info": "0.08 L | 74,88 €/L",
        "Categorias_GTM": "Ambientadores, Ambientadores, Casa, Categoria Referência SFCC, Poupe Este Fim De Semana",
        "Data_Coleta": "2025-06-01 02:27:28"
    },
    {
        "ID_Produto": "439295",
        "Categoria_Scraping": "casa",
        "Nome": "Línguas da Sogra",
        "Marca": "Papstar",
        "Preco": 0.99,
        "Unidade_Info": "6 Un | 0,17 €/Un",
        "Categorias_GTM": "Casa, Artigos de Festa e Descartáveis, Categoria Referência SFCC",
        "Data_Coleta": "2025-06-01 02:27:28"
    },
    {
        "ID_Produto": "716143",
        "Categoria_Scraping": "casa",
        "Nome": "Limpa Máquinas Loiça Duopack",
        "Marca": "Finish",
        "Preco": 5.99,
        "Unidade_Info": "1 Un | 5,99 €/Un",
        "Categorias_GTM": "Poupe Esta Semana, Categoria Referência SFCC, Casa, Detergente Máquina, Loiça",
        "Data_Coleta": "2025-06-01 02:27:28"
    },
    {
        "ID_Produto": "764517",
        "Categoria_Scraping": "casa",
        "Nome": "Inseticida em Spray Casa e Plantas",
        "Marca": "Ultra",
        "Preco": 1.69,
        "Unidade_Info": "0.5 L | 3,38 €/L",
        "Categorias_GTM": "As Nossas Marcas, Ultra, Casa, Inseticidas, Categoria Referência SFCC",
        "Data_Coleta": "2025-06-01 02:27:28"
    },
    {
        "ID_Produto": "930270",
        "Categoria_Scraping": "casa",
        "Nome": "Velas de Aniversário Lisas Azul",
        "Marca": "Pingo Doce",
        "Preco": 0.99,
        "Unidade_Info": "24 Un | 0,04 €/Un",
        "Categorias_GTM": "Casa, Artigos de Festa e Descartáveis, As Nossas Marcas, Pingo Doce, Categoria Referência SFCC",
        "Data_Coleta": "2025-06-01 02:27:37"
    },
    {
        "ID_Produto": "930380",
        "Categoria_Scraping": "casa",
        "Nome": "Pratos de Sobremesa em Cartão 18cm",
        "Marca": "Pingo Doce",
        "Preco": 0.59,
        "Unidade_Info": "10 Un | 0,06 €/Un",
        "Categorias_GTM": "Casa, Artigos de Festa e Descartáveis, As Nossas Marcas, Pingo Doce, Categoria Referência SFCC",
        "Data_Coleta": "2025-06-01 02:27:37"
    },
    {
        "ID_Produto": "730292",
        "Categoria_Scraping": "casa",
        "Nome": "Recarga Esfregona Suave",
        "Marca": "Vileda",
        "Preco": 3.99,
        "Unidade_Info": "1 Un | 3,99 €/Un",
        "Categorias_GTM": "Categoria Referência SFCC, Acessórios, Casa, Limpeza da Casa",
        "Data_Coleta": "2025-06-01 02:27:37"
    },
    {
        "ID_Produto": "773771",
        "Categoria_Scraping": "casa",
        "Nome": "Sacos Multiusos com Atilho 3 L",
        "Marca": "Pingo Doce",
        "Preco": 1.99,
        "Unidade_Info": "1 Un | 1,99 €/Un",
        "Categorias_GTM": "Categoria Referência SFCC, Casa, Conservação de Alimentos, As Nossas Marcas, Pingo Doce",
        "Data_Coleta": "2025-06-01 02:27:37"
    },
    {
        "ID_Produto": "827107",
        "Categoria_Scraping": "casa",
        "Nome": "Amaciador Roupa Pétalas de Rosa",
        "Marca": "Ultra",
        "Preco": 1.85,
        "Unidade_Info": "80 Dos | 0,02 €/Dos",
        "Categorias_GTM": "As Nossas Marcas, Ultra, Amaciador, Casa, Roupa",
        "Data_Coleta": "2025-06-01 02:27:37"
    },
    {
        "ID_Produto": "828841",
        "Categoria_Scraping": "casa",
        "Nome": "Bloco Sanitário Pinho Poder Ativo",
        "Marca": "Bref Sonasol",
        "Preco": 4.39,
        "Unidade_Info": "1 Un | 4,39 €/Un",
        "Categorias_GTM": "Promoções, Poupe Esta Semana, Blocos Sanitários, Casa, Limpeza da Casa",
        "Data_Coleta": "2025-06-01 02:27:37"
    },
    {
        "ID_Produto": "980670",
        "Categoria_Scraping": "casa",
        "Nome": "Vela Aniversário Nº5",
        "Marca": "Pingo Doce",
        "Preco": 0.59,
        "Unidade_Info": "1 Un | 0,59 €/Un",
        "Categorias_GTM": "As Nossas Marcas, Pingo Doce, Casa, Artigos de Festa e Descartáveis, Categoria Referência SFCC",
        "Data_Coleta": "2025-06-01 02:27:37"
    },
    {
        "ID_Produto": "981624",
        "Categoria_Scraping": "casa",
        "Nome": "Vela Aniversário Nº2",
        "Marca": "Pingo Doce",
        "Preco": 0.99,
        "Unidade_Info": "1 Un | 0,99 €/Un",
        "Categorias_GTM": "As Nossas Marcas, Pingo Doce, Casa, Artigos de Festa e Descartáveis, Categoria Referência SFCC",
        "Data_Coleta": "2025-06-01 02:27:37"
    },
    {
        "ID_Produto": "720355",
        "Categoria_Scraping": "casa",
        "Nome": "Rolo Adesivo Tira Pelos",
        "Marca": "Home 7",
        "Preco": 1.39,
        "Unidade_Info": "1 Un | 1,39 €/Un",
        "Categorias_GTM": "Categoria Referência SFCC, Casa, Limpeza da Casa, Acessórios",
        "Data_Coleta": "2025-06-01 02:27:37"
    },
    {
        "ID_Produto": "701982",
        "Categoria_Scraping": "casa",
        "Nome": "Luvas Multisentive Médio/Grande",
        "Marca": "Vileda",
        "Preco": 7.99,
        "Unidade_Info": "1 Un | 7,99 €/Un",
        "Categorias_GTM": "Categoria Referência SFCC, Acessórios, Casa, Limpeza da Casa",
        "Data_Coleta": "2025-06-01 02:27:37"
    },
    {
        "ID_Produto": "970460",
        "Categoria_Scraping": "casa",
        "Nome": "Lanterna LED Multifunções OPL0753",
        "Marca": "Hoffen",
        "Preco": 7.99,
        "Unidade_Info": "N/A",
        "Categorias_GTM": "Casa, Pilhas e Lâmpadas, Categoria Referência SFCC",
        "Data_Coleta": "2025-06-01 02:27:37"
    },
    {
        "ID_Produto": "739443",
        "Categoria_Scraping": "casa",
        "Nome": "Vela Ambiente Antitabaco Duo",
        "Marca": "Air Wick",
        "Preco": 4.89,
        "Unidade_Info": "0.48 Kg | 10,19 €/Kg",
        "Categorias_GTM": "Categoria Referência SFCC, Velas, Ambientadores, Casa, Poupe Esta Semana",
        "Data_Coleta": "2025-06-01 02:27:37"
    },
    {
        "ID_Produto": "57964",
        "Categoria_Scraping": "casa",
        "Nome": "Limpa Carpetes Espuma Karpex",
        "Marca": "Vanish",
        "Preco": 5.19,
        "Unidade_Info": "0.6 L | 8,65 €/L",
        "Categorias_GTM": "Categoria Referência SFCC, Casa, Limpeza da Casa, Limpeza Específica, Poupe Esta Semana",
        "Data_Coleta": "2025-06-01 02:27:47"
    },
    {
        "ID_Produto": "733029",
        "Categoria_Scraping": "casa",
        "Nome": "Formas de Alumínio Retangulares",
        "Marca": "Home 7",
        "Preco": 1.29,
        "Unidade_Info": "1 Un | 1,29 €/Un",
        "Categorias_GTM": "Categoria Referência SFCC, Casa, Artigos de Festa e Descartáveis",
        "Data_Coleta": "2025-06-01 02:27:47"
    },
    {
        "ID_Produto": "919545",
        "Categoria_Scraping": "casa",
        "Nome": "Caixa + Base para Bolos Cor Dourada 32",
        "Marca": "Valporto",
        "Preco": 3.29,
        "Unidade_Info": "1 Un | 3,29 €/Un",
        "Categorias_GTM": "Casa, Artigos de Festa e Descartáveis, Categoria Referência SFCC",
        "Data_Coleta": "2025-06-01 02:27:47"
    },
    {
        "ID_Produto": "752916",
        "Categoria_Scraping": "casa",
        "Nome": "Sal para Máquina Loiça",
        "Marca": "Ultra",
        "Preco": 0.44,
        "Unidade_Info": "1 Kg | 0,44 €/Kg",
        "Categorias_GTM": "Categoria Referência SFCC, Aditivos, Sal e Abrilhantadores, Casa, Loiça, As Nossas Marcas",
        "Data_Coleta": "2025-06-01 02:27:47"
    },
    {
        "ID_Produto": "760148",
        "Categoria_Scraping": "casa",
        "Nome": "Bloco Sanitário Poder Ativo Aqua",
        "Marca": "Bref Sonasol",
        "Preco": 2.99,
        "Unidade_Info": "1 Un | 2,99 €/Un",
        "Categorias_GTM": "Poupe Esta Semana, Categoria Referência SFCC, Blocos Sanitários, Casa, Limpeza da Casa",
        "Data_Coleta": "2025-06-01 02:27:47"
    },
    {
        "ID_Produto": "768646",
        "Categoria_Scraping": "casa",
        "Nome": "Ambientador Completo Freshmatic Delícias de Verão",
        "Marca": "Air Wick",
        "Preco": 7.19,
        "Unidade_Info": "1 Un | 7,19 €/Un",
        "Categorias_GTM": "Poupe Esta Semana, Categoria Referência SFCC, Ambientadores, Ambientadores, Casa",
        "Data_Coleta": "2025-06-01 02:27:47"
    },
    {
        "ID_Produto": "977972",
        "Categoria_Scraping": "casa",
        "Nome": "Ambientador Vela Baunilha Longa Duração",
        "Marca": "Glade",
        "Preco": 3.63,
        "Unidade_Info": "0.204 Kg | 17,79 €/Kg",
        "Categorias_GTM": "Ambientadores, Casa, Velas, Categoria Referência SFCC, Poupe Esta Semana",
        "Data_Coleta": "2025-06-01 02:27:47"
    },
    {
        "ID_Produto": "984794",
        "Categoria_Scraping": "casa",
        "Nome": "Extensão Elétrica",
        "Marca": "Hoffen",
        "Preco": 7.49,
        "Unidade_Info": "N/A",
        "Categorias_GTM": "Casa, Pilhas e Lâmpadas, Categoria Referência SFCC",
        "Data_Coleta": "2025-06-01 02:27:47"
    },
    {
        "ID_Produto": "965744",
        "Categoria_Scraping": "casa",
        "Nome": "LED Clássic 50W",
        "Marca": "Philips",
        "Preco": 5.69,
        "Unidade_Info": "N/A",
        "Categorias_GTM": "Casa, Pilhas e Lâmpadas, Categoria Referência SFCC",
        "Data_Coleta": "2025-06-01 02:27:47"
    },
    {
        "ID_Produto": "642813",
        "Categoria_Scraping": "casa",
        "Nome": "Forma de Alumínio Rectangular 1260 ml",
        "Marca": "Home 7",
        "Preco": 2.99,
        "Unidade_Info": "4 Un | 0,75 €/Un",
        "Categorias_GTM": "Categoria Referência SFCC, Casa, Artigos de Festa e Descartáveis",
        "Data_Coleta": "2025-06-01 02:27:47"
    },
    {
        "ID_Produto": "907836",
        "Categoria_Scraping": "casa",
        "Nome": "Lava Tudo Festa de Flores Montanha",
        "Marca": "Ajax",
        "Preco": 2.24,
        "Unidade_Info": "1.25 L | 1,79 €/L",
        "Categorias_GTM": "Casa, Lava Tudo, Limpeza da Casa, Promoções, Poupe Esta Semana",
        "Data_Coleta": "2025-06-01 02:27:47"
    },
    {
        "ID_Produto": "923505",
        "Categoria_Scraping": "casa",
        "Nome": "Sementes Coentros",
        "Marca": "Vita",
        "Preco": 0.99,
        "Unidade_Info": "N/A",
        "Categorias_GTM": "Promoções, Poupe Esta Semana, Categoria Referência SFCC, Casa, Jardim",
        "Data_Coleta": "2025-06-01 02:27:47"
    },
    {
        "ID_Produto": "953510",
        "Categoria_Scraping": "casa",
        "Nome": "Ambientador Difusor Active Fresh Lavanda",
        "Marca": "Air Wick",
        "Preco": 5.99,
        "Unidade_Info": "1 Un | 5,99 €/Un",
        "Categorias_GTM": "Categoria Referência SFCC, Promoções, Poupe Esta Semana, Ambientadores, Ambientadores",
        "Data_Coleta": "2025-06-01 02:27:57"
    },
    {
        "ID_Produto": "969428",
        "Categoria_Scraping": "casa",
        "Nome": "Cesto de Arrumação",
        "Marca": "Smukee",
        "Preco": 4.99,
        "Unidade_Info": "N/A",
        "Categorias_GTM": "Poupe Esta Semana, Promoções, Acessórios, Casa, Roupa",
        "Data_Coleta": "2025-06-01 02:27:57"
    },
    {
        "ID_Produto": "955050",
        "Categoria_Scraping": "casa",
        "Nome": "Ambientador Elétrico + Recarga White Bouquet",
        "Marca": "Air Wick",
        "Preco": 4.49,
        "Unidade_Info": "1 Un | 4,49 €/Un",
        "Categorias_GTM": "Ambientadores, Ambientadores, Casa, Categoria Referência SFCC, Promoções",
        "Data_Coleta": "2025-06-01 02:27:57"
    },
    {
        "ID_Produto": "962059",
        "Categoria_Scraping": "casa",
        "Nome": "Alguidar",
        "Marca": "Smukee",
        "Preco": 9.99,
        "Unidade_Info": "N/A",
        "Categorias_GTM": "Acessórios, Casa, Roupa, Poupe Esta Semana, Promoções",
        "Data_Coleta": "2025-06-01 02:27:57"
    },
    {
        "ID_Produto": "506279",
        "Categoria_Scraping": "casa",
        "Nome": "Abrasivo Spray Sanitário Cleanboost",
        "Marca": "Cif",
        "Preco": 2.69,
        "Unidade_Info": "0.75 L | 3,59 €/L",
        "Categorias_GTM": "Promoções, Categoria Referência SFCC, Abrasivos, Casa, Limpeza da Casa",
        "Data_Coleta": "2025-06-01 02:27:57"
    },
    {
        "ID_Produto": "564224",
        "Categoria_Scraping": "casa",
        "Nome": "Isqueiro Megalighter Multipack",
        "Marca": "BIC",
        "Preco": 3.39,
        "Unidade_Info": "N/A",
        "Categorias_GTM": "Promoções, Categoria Referência SFCC, Acendalhas, Carvão e Fósforos, Casa, Poupe Esta Semana",
        "Data_Coleta": "2025-06-01 02:27:57"
    },
    {
        "ID_Produto": "954957",
        "Categoria_Scraping": "casa",
        "Nome": "Recarga Ambientador Difusor Bubbly Berry Splash, Relaxing Zen e Sensual Sandalwood & Jasmine",
        "Marca": "Glade",
        "Preco": 7.58,
        "Unidade_Info": "1 Un | 7,58 €/Un",
        "Categorias_GTM": "Promoções, Categoria Referência SFCC, Poupe Esta Semana, Ambientadores, Ambientadores",
        "Data_Coleta": "2025-06-01 02:27:57"
    },
    {
        "ID_Produto": "661939",
        "Categoria_Scraping": "casa",
        "Nome": "Caixa para Arrumação 50L",
        "Marca": "Home 7",
        "Preco": 6.49,
        "Unidade_Info": "1 Un | 6,49 €/Un",
        "Categorias_GTM": "Acessórios, Casa, Roupa, Categoria Referência SFCC, Poupe Esta Semana",
        "Data_Coleta": "2025-06-01 02:27:57"
    },
    {
        "ID_Produto": "882349",
        "Categoria_Scraping": "casa",
        "Nome": "Recarga Ambientador Jasmim Essential Mist",
        "Marca": "Air Wick",
        "Preco": 4.99,
        "Unidade_Info": "1 Un | 4,99 €/Un",
        "Categorias_GTM": "Ambientadores, Ambientadores, Casa, Poupe Esta Semana, Categoria Referência SFCC",
        "Data_Coleta": "2025-06-01 02:27:57"
    },
    {
        "ID_Produto": "862530",
        "Categoria_Scraping": "casa",
        "Nome": "Recarga Ambientador Essential Mist Lavanda",
        "Marca": "Air Wick",
        "Preco": 4.99,
        "Unidade_Info": "1 Un | 4,99 €/Un",
        "Categorias_GTM": "Ambientadores, Ambientadores, Casa, Promoções, Poupe Esta Semana",
        "Data_Coleta": "2025-06-01 02:27:57"
    },
    {
        "ID_Produto": "926903",
        "Categoria_Scraping": "casa",
        "Nome": "INSETICIDA EM PÓ BAYGON RASTEJANTES 250G",
        "Marca": "BAYGON",
        "Preco": 4.87,
        "Unidade_Info": "0.25 Kg | 19,48 €/Kg",
        "Categorias_GTM": "Casa, Inseticidas, Poupe Esta Semana, Promoções, Categoria Referência SFCC",
        "Data_Coleta": "2025-06-01 02:27:57"
    },
    {
        "ID_Produto": "865339",
        "Categoria_Scraping": "casa",
        "Nome": "Lava Tudo Ph Neutro Leite de Amêndoas",
        "Marca": "Sonasol",
        "Preco": 2.09,
        "Unidade_Info": "1.3 L | 1,61 €/L",
        "Categorias_GTM": "Casa, Lava Tudo, Limpeza da Casa, Categoria Referência SFCC, Promoções",
        "Data_Coleta": "2025-06-01 02:27:57"
    },
    {
        "ID_Produto": "883082",
        "Categoria_Scraping": "casa",
        "Nome": "Bloco Sanitário Power 5 Oceano",
        "Marca": "Domestos",
        "Preco": 2.74,
        "Unidade_Info": "2 Un | 1,37 €/Un",
        "Categorias_GTM": "Blocos Sanitários, Casa, Limpeza da Casa, Poupe Esta Semana, Promoções",
        "Data_Coleta": "2025-06-01 02:28:08"
    },
    {
        "ID_Produto": "777938",
        "Categoria_Scraping": "casa",
        "Nome": "Ambientador para Máquina Loiça Limão",
        "Marca": "Ultra",
        "Preco": 1.39,
        "Unidade_Info": "0.006 Un | 231,67 €/Un",
        "Categorias_GTM": "Categoria Referência SFCC, As Nossas Marcas, Ultra, Casa, Detergente Máquina",
        "Data_Coleta": "2025-06-01 02:28:08"
    },
    {
        "ID_Produto": "884558",
        "Categoria_Scraping": "casa",
        "Nome": "Detergente Máquina Roupa Líquido Cores Escuras",
        "Marca": "Ultra",
        "Preco": 3.79,
        "Unidade_Info": "27 Dos | 0,14 €/Dos",
        "Categorias_GTM": "Casa, Detergente, Roupa, As Nossas Marcas, Ultra",
        "Data_Coleta": "2025-06-01 02:28:08"
    },
    {
        "ID_Produto": "904974",
        "Categoria_Scraping": "casa",
        "Nome": "Detergente Máquina da Roupa Pó Active Total",
        "Marca": "Ultra",
        "Preco": 5.59,
        "Unidade_Info": "40 Dos | 0,14 €/Dos",
        "Categorias_GTM": "Casa, Detergente, Roupa, Ultra, As Nossas Marcas",
        "Data_Coleta": "2025-06-01 02:28:08"
    },
    {
        "ID_Produto": "883813",
        "Categoria_Scraping": "casa",
        "Nome": "Tira Nódoas em Pó Oxy Plus Branqueador",
        "Marca": "Ultra",
        "Preco": 3.09,
        "Unidade_Info": "1 Kg | 3,09 €/Kg",
        "Categorias_GTM": "Aditivos, Casa, Roupa, As Nossas Marcas, Ultra",
        "Data_Coleta": "2025-06-01 02:28:08"
    },
    {
        "ID_Produto": "899697",
        "Categoria_Scraping": "casa",
        "Nome": "Pastilhas para Máquina Loiça Pó+Gel",
        "Marca": "Ultra",
        "Preco": 4.99,
        "Unidade_Info": "27 Un | 0,18 €/Un",
        "Categorias_GTM": "As Nossas Marcas, Ultra, Categoria Referência SFCC, Casa, Detergente Máquina",
        "Data_Coleta": "2025-06-01 02:28:08"
    },
    {
        "ID_Produto": "503057",
        "Categoria_Scraping": "casa",
        "Nome": "Tira Gorduras Pró Spray",
        "Marca": "Ultra",
        "Preco": 1.45,
        "Unidade_Info": "0.75 L | 1,93 €/L",
        "Categorias_GTM": "Categoria Referência SFCC, Casa, Limpeza da Casa, Tira Gorduras, As Nossas Marcas",
        "Data_Coleta": "2025-06-01 02:28:08"
    },
    {
        "ID_Produto": "931688",
        "Categoria_Scraping": "casa",
        "Nome": "Inseticida Eletrónico Citronela",
        "Marca": "Ultra",
        "Preco": 3.99,
        "Unidade_Info": "0.033 L | 120,91 €/L",
        "Categorias_GTM": "Casa, Inseticidas, As Nossas Marcas, Ultra, Categoria Referência SFCC",
        "Data_Coleta": "2025-06-01 02:28:08"
    },
    {
        "ID_Produto": "932566",
        "Categoria_Scraping": "casa",
        "Nome": "Limpa Móveis Cera Abelhas",
        "Marca": "Splendor",
        "Preco": 3.29,
        "Unidade_Info": "0.3 L | 10,97 €/L",
        "Categorias_GTM": "Categoria Referência SFCC, Casa, Limpa Vidros e Madeiras, Limpeza da Casa",
        "Data_Coleta": "2025-06-01 02:28:08"
    },
    {
        "ID_Produto": "933373",
        "Categoria_Scraping": "casa",
        "Nome": "Luvas Descartáveis Tamanho Único",
        "Marca": "Home 7",
        "Preco": 6.19,
        "Unidade_Info": "100 Un | 0,06 €/Un",
        "Categorias_GTM": "Categoria Referência SFCC, Acessórios, Casa, Limpeza da Casa",
        "Data_Coleta": "2025-06-01 02:28:08"
    },
    {
        "ID_Produto": "913272",
        "Categoria_Scraping": "casa",
        "Nome": "Rolo de Cozinha 3 Folhas Mega Absorção",
        "Marca": "Pingo Doce",
        "Preco": 4.69,
        "Unidade_Info": "1 Un | 4,69 €/Un",
        "Categorias_GTM": "Casa, Rolos de Cozinha, As Nossas Marcas, Pingo Doce, Categoria Referência SFCC",
        "Data_Coleta": "2025-06-01 02:28:08"
    },
    {
        "ID_Produto": "921621",
        "Categoria_Scraping": "casa",
        "Nome": "Spray Limpa Fornos Ultra Forte",
        "Marca": "Ultra",
        "Preco": 2.49,
        "Unidade_Info": "0.65 L | 3,83 €/L",
        "Categorias_GTM": "As Nossas Marcas, Ultra, Categoria Referência SFCC, Casa, Limpeza da Casa",
        "Data_Coleta": "2025-06-01 02:28:08"
    },
    {
        "ID_Produto": "921733",
        "Categoria_Scraping": "casa",
        "Nome": "Rolo de Cozinha 2 Folhas - 4 un",
        "Marca": "Pingo Doce",
        "Preco": 1.85,
        "Unidade_Info": "4 Un | 0,46 €/Un",
        "Categorias_GTM": "As Nossas Marcas, Pingo Doce, Categoria Referência SFCC, Casa, Rolos de Cozinha",
        "Data_Coleta": "2025-06-01 02:28:18"
    },
    {
        "ID_Produto": "881476",
        "Categoria_Scraping": "casa",
        "Nome": "Detergente Máquina da Roupa Líquido Sensitive Aloe Vera",
        "Marca": "Ultra",
        "Preco": 4.79,
        "Unidade_Info": "40 Dos | 0,12 €/Dos",
        "Categorias_GTM": "As Nossas Marcas, Ultra, Casa, Detergente, Roupa",
        "Data_Coleta": "2025-06-01 02:28:18"
    },
    {
        "ID_Produto": "919737",
        "Categoria_Scraping": "casa",
        "Nome": "Detergente Máquina da Roupa Líquido Cores Escuras",
        "Marca": "Woolite",
        "Preco": 6.99,
        "Unidade_Info": "30 Dos | 0,23 €/Dos",
        "Categorias_GTM": "Categoria Referência SFCC, Casa, Detergente, Roupa",
        "Data_Coleta": "2025-06-01 02:28:18"
    },
    {
        "ID_Produto": "931689",
        "Categoria_Scraping": "casa",
        "Nome": "Recarga Inseticida Eletrónico Citronela",
        "Marca": "Ultra",
        "Preco": 1.99,
        "Unidade_Info": "0.033 L | 60,3 €/L",
        "Categorias_GTM": "As Nossas Marcas, Ultra, Casa, Inseticidas, Categoria Referência SFCC",
        "Data_Coleta": "2025-06-01 02:28:18"
    },
    {
        "ID_Produto": "901332",
        "Categoria_Scraping": "casa",
        "Nome": "Bloco Sanitário Explosão Cítrica",
        "Marca": "Neoblanc",
        "Preco": 2.39,
        "Unidade_Info": "2 Un | 1,2 €/Un",
        "Categorias_GTM": "Categoria Referência SFCC, Blocos Sanitários, Casa, Limpeza da Casa, Poupe Esta Semana",
        "Data_Coleta": "2025-06-01 02:28:18"
    },
    {
        "ID_Produto": "897563",
        "Categoria_Scraping": "casa",
        "Nome": "Spray Desengordurante Líxivia & Higiene",
        "Marca": "Cillit Bang",
        "Preco": 2.49,
        "Unidade_Info": "0.5 L | 4,98 €/L",
        "Categorias_GTM": "Categoria Referência SFCC, Abrasivos, Casa, Limpeza da Casa, Poupe Esta Semana",
        "Data_Coleta": "2025-06-01 02:28:18"
    },
    {
        "ID_Produto": "802271",
        "Categoria_Scraping": "casa",
        "Nome": "Limpa Vidros Tripla Ação Anti-Embaciamento",
        "Marca": "Ajax",
        "Preco": 1.97,
        "Unidade_Info": "0.5 L | 3,94 €/L",
        "Categorias_GTM": "Categoria Referência SFCC, Casa, Limpa Vidros e Madeiras, Limpeza da Casa, Poupe Este Fim De Semana",
        "Data_Coleta": "2025-06-01 02:28:18"
    },
    {
        "ID_Produto": "901328",
        "Categoria_Scraping": "casa",
        "Nome": "Bloco Sanitário Frescura",
        "Marca": "Neoblanc",
        "Preco": 2.39,
        "Unidade_Info": "2 Un | 1,2 €/Un",
        "Categorias_GTM": "Categoria Referência SFCC, Blocos Sanitários, Casa, Limpeza da Casa, Poupe Esta Semana",
        "Data_Coleta": "2025-06-01 02:28:18"
    },
    {
        "ID_Produto": "922704",
        "Categoria_Scraping": "casa",
        "Nome": "Spray Engoma Fácil",
        "Marca": "Ultra",
        "Preco": 1.79,
        "Unidade_Info": "0.75 L | 2,39 €/L",
        "Categorias_GTM": "As Nossas Marcas, Ultra, Categoria Referência SFCC, Casa, Roupa",
        "Data_Coleta": "2025-06-01 02:28:18"
    },
    {
        "ID_Produto": "903311",
        "Categoria_Scraping": "casa",
        "Nome": "Saco de Lixo 100% Reciclado 50 L",
        "Marca": "Silvex",
        "Preco": 1.79,
        "Unidade_Info": "15 Un | 0,12 €/Un",
        "Categorias_GTM": "Casa, Sacos do Lixo, Categoria Referência SFCC",
        "Data_Coleta": "2025-06-01 02:28:18"
    },
    {
        "ID_Produto": "903310",
        "Categoria_Scraping": "casa",
        "Nome": "Saco do Lixo 100% Reciclado 30 L",
        "Marca": "Silvex",
        "Preco": 1.69,
        "Unidade_Info": "20 Un | 0,08 €/Un",
        "Categorias_GTM": "Casa, Sacos do Lixo, Categoria Referência SFCC",
        "Data_Coleta": "2025-06-01 02:28:18"
    },
    {
        "ID_Produto": "924352",
        "Categoria_Scraping": "casa",
        "Nome": "Conjunto Pá para Lixo e Vassoura Pequena",
        "Marca": "Ultra",
        "Preco": 2.49,
        "Unidade_Info": "1 Un | 2,49 €/Un",
        "Categorias_GTM": "As Nossas Marcas, Ultra, Categoria Referência SFCC, Acessórios, Casa",
        "Data_Coleta": "2025-06-01 02:28:18"
    },
    {
        "ID_Produto": "840358",
        "Categoria_Scraping": "casa",
        "Nome": "Lava Tudo Magic Aloé Vera e Flores Brancas",
        "Marca": "Sonasol",
        "Preco": 2.09,
        "Unidade_Info": "1.3 L | 1,61 €/L",
        "Categorias_GTM": "Poupe Esta Semana, Casa, Lava Tudo, Limpeza da Casa, Categoria Referência SFCC",
        "Data_Coleta": "2025-06-01 02:28:29"
    },
    {
        "ID_Produto": "682881",
        "Categoria_Scraping": "casa",
        "Nome": "Recarga Esfregona",
        "Marca": "Vileda",
        "Preco": 2.99,
        "Unidade_Info": "1 Un | 2,99 €/Un",
        "Categorias_GTM": "Categoria Referência SFCC, Acessórios, Casa, Limpeza da Casa",
        "Data_Coleta": "2025-06-01 02:28:29"
    },
    {
        "ID_Produto": "662457",
        "Categoria_Scraping": "casa",
        "Nome": "Gel Sanitário Anticalcário",
        "Marca": "Ultra",
        "Preco": 0.99,
        "Unidade_Info": "1 L | 0,99 €/L",
        "Categorias_GTM": "As Nossas Marcas, Ultra, Categoria Referência SFCC, Abrasivos, Casa",
        "Data_Coleta": "2025-06-01 02:28:29"
    },
    {
        "ID_Produto": "959990",
        "Categoria_Scraping": "casa",
        "Nome": "Amaciador Roupa Concentrado Lírios e Frutos Vermelhos",
        "Marca": "Quanto",
        "Preco": 3.99,
        "Unidade_Info": "95 Dos | 0,04 €/Dos",
        "Categorias_GTM": "Amaciador, Casa, Roupa, Categoria Referência SFCC",
        "Data_Coleta": "2025-06-01 02:28:29"
    },
    {
        "ID_Produto": "960308",
        "Categoria_Scraping": "casa",
        "Nome": "Detergente Máquina Roupa Líquido Baby",
        "Marca": "Skip",
        "Preco": 3.99,
        "Unidade_Info": "21 Dos | 0,19 €/Dos",
        "Categorias_GTM": "Casa, Detergente, Roupa, Categoria Referência SFCC",
        "Data_Coleta": "2025-06-01 02:28:29"
    },
    {
        "ID_Produto": "960333",
        "Categoria_Scraping": "casa",
        "Nome": "Detergente Máquina Roupa Pó Lavanda",
        "Marca": "Skip",
        "Preco": 9.99,
        "Unidade_Info": "52 Dos | 0,19 €/Dos",
        "Categorias_GTM": "Casa, Detergente, Roupa, Categoria Referência SFCC",
        "Data_Coleta": "2025-06-01 02:28:29"
    },
    {
        "ID_Produto": "777284",
        "Categoria_Scraping": "casa",
        "Nome": "Luvas de Limpeza Sensíveis Pequenas/Médias",
        "Marca": "Home 7",
        "Preco": 0.69,
        "Unidade_Info": "1 Un | 0,69 €/Un",
        "Categorias_GTM": "Categoria Referência SFCC, Acessórios, Casa, Limpeza da Casa",
        "Data_Coleta": "2025-06-01 02:28:29"
    },
    {
        "ID_Produto": "803332",
        "Categoria_Scraping": "casa",
        "Nome": "Lixívia em Spray Mousse Flor",
        "Marca": "Neoblanc",
        "Preco": 3.99,
        "Unidade_Info": "0.7 L | 5,7 €/L",
        "Categorias_GTM": "Categoria Referência SFCC, Casa, Limpeza da Casa, Lixívia",
        "Data_Coleta": "2025-06-01 02:28:29"
    },
    {
        "ID_Produto": "810537",
        "Categoria_Scraping": "casa",
        "Nome": "Luvas de Limpeza Extra Sensation Médias/Grandes",
        "Marca": "Vileda",
        "Preco": 2.29,
        "Unidade_Info": "1 Un | 2,29 €/Un",
        "Categorias_GTM": "Categoria Referência SFCC, Acessórios, Casa, Limpeza da Casa",
        "Data_Coleta": "2025-06-01 02:28:29"
    },
    {
        "ID_Produto": "776832",
        "Categoria_Scraping": "casa",
        "Nome": "Luvas de Limpeza Descartáveis Médio/Grande",
        "Marca": "Home 7",
        "Preco": 0.79,
        "Unidade_Info": "1 Un | 0,79 €/Un",
        "Categorias_GTM": "Categoria Referência SFCC, Acessórios, Casa, Limpeza da Casa",
        "Data_Coleta": "2025-06-01 02:28:29"
    },
    {
        "ID_Produto": "662456",
        "Categoria_Scraping": "casa",
        "Nome": "Gel Sanitário com Lixívia",
        "Marca": "Ultra",
        "Preco": 0.99,
        "Unidade_Info": "1 L | 0,99 €/L",
        "Categorias_GTM": "As Nossas Marcas, Ultra, Categoria Referência SFCC, Abrasivos, Casa",
        "Data_Coleta": "2025-06-01 02:28:29"
    },
    {
        "ID_Produto": "976129",
        "Categoria_Scraping": "casa",
        "Nome": "Detergente Máquina Roupa Líquido Lavanda",
        "Marca": "Persil",
        "Preco": 7.99,
        "Unidade_Info": "40 Dos | 0,2 €/Dos",
        "Categorias_GTM": "Casa, Detergente, Roupa, Categoria Referência SFCC",
        "Data_Coleta": "2025-06-01 02:28:29"
    },
    {
        "ID_Produto": "969464",
        "Categoria_Scraping": "casa",
        "Nome": "Amaciador Roupa Concentrado Pure Sense",
        "Marca": "Ultra",
        "Preco": 1.85,
        "Unidade_Info": "80 Dos | 0,02 €/Dos",
        "Categorias_GTM": "As Nossas Marcas, Ultra, Amaciador, Casa, Roupa",
        "Data_Coleta": "2025-06-01 02:28:39"
    },
    {
        "ID_Produto": "981073",
        "Categoria_Scraping": "casa",
        "Nome": "Bloco Sanitário Discos Lima",
        "Marca": "Ultra",
        "Preco": 2.99,
        "Unidade_Info": "12 Un | 0,25 €/Un",
        "Categorias_GTM": "As Nossas Marcas, Ultra, Blocos Sanitários, Casa, Limpeza da Casa",
        "Data_Coleta": "2025-06-01 02:28:39"
    },
    {
        "ID_Produto": "950652",
        "Categoria_Scraping": "casa",
        "Nome": "Detergente Máquina Roupa Líquido Sabão",
        "Marca": "Persil",
        "Preco": 11.29,
        "Unidade_Info": "76 Dos | 0,15 €/Dos",
        "Categorias_GTM": "Categoria Referência SFCC, Casa, Detergente, Roupa",
        "Data_Coleta": "2025-06-01 02:28:39"
    },
    {
        "ID_Produto": "962239",
        "Categoria_Scraping": "casa",
        "Nome": "Bloco Sanitário Poder Ativo Pinho",
        "Marca": "Bref Sonasol",
        "Preco": 6.99,
        "Unidade_Info": "6 Un | 1,17 €/Un",
        "Categorias_GTM": "Promoções, Blocos Sanitários, Casa, Limpeza da Casa, Poupe Esta Semana",
        "Data_Coleta": "2025-06-01 02:28:39"
    },
    {
        "ID_Produto": "964384",
        "Categoria_Scraping": "casa",
        "Nome": "Toalhitas Limpa Móveis",
        "Marca": "Ultra",
        "Preco": 1.99,
        "Unidade_Info": "60 Un | 0,03 €/Un",
        "Categorias_GTM": "Casa, Limpa Vidros e Madeiras, Limpeza da Casa, As Nossas Marcas, Ultra",
        "Data_Coleta": "2025-06-01 02:28:39"
    },
    {
        "ID_Produto": "952448",
        "Categoria_Scraping": "casa",
        "Nome": "Detergente Loiça Manual Ultra Original",
        "Marca": "Fairy",
        "Preco": 4.99,
        "Unidade_Info": "1.25 L | 3,99 €/L",
        "Categorias_GTM": "Casa, Detergente Manual, Loiça, Categoria Referência SFCC, Poupe Esta Semana",
        "Data_Coleta": "2025-06-01 02:28:39"
    },
    {
        "ID_Produto": "980586",
        "Categoria_Scraping": "casa",
        "Nome": "Detergente Máquina Roupa Líquido Optimal",
        "Marca": "A+",
        "Preco": 9.99,
        "Unidade_Info": "70 Dos | 0,14 €/Dos",
        "Categorias_GTM": "Casa, Detergente, Roupa, Categoria Referência SFCC",
        "Data_Coleta": "2025-06-01 02:28:39"
    },
    {
        "ID_Produto": "973796",
        "Categoria_Scraping": "casa",
        "Nome": "Perfumador Roupa Aqua",
        "Marca": "Ultra",
        "Preco": 2.99,
        "Unidade_Info": "36 Dos | 0,08 €/Dos",
        "Categorias_GTM": "Amaciador, Casa, Roupa, As Nossas Marcas, Ultra",
        "Data_Coleta": "2025-06-01 02:28:39"
    },
    {
        "ID_Produto": "949764",
        "Categoria_Scraping": "casa",
        "Nome": "Detergente Máquina Roupa Líquido Floral",
        "Marca": "Gama",
        "Preco": 9.99,
        "Unidade_Info": "90 Dos | 0,11 €/Dos",
        "Categorias_GTM": "Casa, Detergente, Roupa, Categoria Referência SFCC",
        "Data_Coleta": "2025-06-01 02:28:39"
    },
    {
        "ID_Produto": "984347",
        "Categoria_Scraping": "casa",
        "Nome": "Recarga Ambientador Elétrico Floral",
        "Marca": "Nicols",
        "Preco": 1.74,
        "Unidade_Info": "0.02 L | 87 €/L",
        "Categorias_GTM": "Ambientadores, Ambientadores, Casa, Categoria Referência SFCC",
        "Data_Coleta": "2025-06-01 02:28:39"
    },
    {
        "ID_Produto": "970720",
        "Categoria_Scraping": "casa",
        "Nome": "Pastilhas para Máquina Loiça Tudo em Um Limão",
        "Marca": "Fairy",
        "Preco": 12.99,
        "Unidade_Info": "71 Un | 0,18 €/Un",
        "Categorias_GTM": "Poupe Esta Semana, Promoções, Casa, Detergente Máquina, Loiça",
        "Data_Coleta": "2025-06-01 02:28:39"
    },
    {
        "ID_Produto": "977459",
        "Categoria_Scraping": "casa",
        "Nome": "Spray Multiusos Lavanda",
        "Marca": "Cif",
        "Preco": 2.19,
        "Unidade_Info": "0.5 L | 4,38 €/L",
        "Categorias_GTM": "Casa, Multiusos, Promoções, Poupe Esta Semana, Categoria Referência SFCC",
        "Data_Coleta": "2025-06-01 02:28:39"
    },
    {
        "ID_Produto": "971116",
        "Categoria_Scraping": "animais",
        "Nome": "Areia Aglomerante",
        "Marca": "Kitty",
        "Preco": 2.99,
        "Unidade_Info": "5 L | 0,6 €/L",
        "Categorias_GTM": "As Nossas Marcas, Kitty, Animais, Gato, Higiene e Acessórios",
        "Data_Coleta": "2025-06-01 02:29:03"
    },
    {
        "ID_Produto": "967328",
        "Categoria_Scraping": "animais",
        "Nome": "Absorvente Perfumado Alfazema",
        "Marca": "Kitty",
        "Preco": 1.79,
        "Unidade_Info": "5 Kg | 0,36 €/Kg",
        "Categorias_GTM": "As Nossas Marcas, Kitty, Animais, Gato, Higiene e Acessórios",
        "Data_Coleta": "2025-06-01 02:29:03"
    },
    {
        "ID_Produto": "972572",
        "Categoria_Scraping": "animais",
        "Nome": "Areia Aglomerante com Carvão Ativado",
        "Marca": "Kitty",
        "Preco": 3.99,
        "Unidade_Info": "5 L | 0,8 €/L",
        "Categorias_GTM": "Animais, Gato, Higiene e Acessórios, As Nossas Marcas, Kitty",
        "Data_Coleta": "2025-06-01 02:29:03"
    },
    {
        "ID_Produto": "966587",
        "Categoria_Scraping": "animais",
        "Nome": "Sílica Gel",
        "Marca": "Kitty",
        "Preco": 3.79,
        "Unidade_Info": "3.8 L | 1 €/L",
        "Categorias_GTM": "As Nossas Marcas, Kitty, Animais, Gato, Higiene e Acessórios",
        "Data_Coleta": "2025-06-01 02:29:03"
    },
    {
        "ID_Produto": "840231",
        "Categoria_Scraping": "animais",
        "Nome": "Absorvente para Gato",
        "Marca": "Zoolit",
        "Preco": 1.29,
        "Unidade_Info": "5 Kg | 0,26 €/Kg",
        "Categorias_GTM": "Categoria Referência SFCC, Animais, Gato, Higiene e Acessórios",
        "Data_Coleta": "2025-06-01 02:29:03"
    },
    {
        "ID_Produto": "955350",
        "Categoria_Scraping": "animais",
        "Nome": "Comida para Gato Adulto Esterilizado Vaca",
        "Marca": "Purina One",
        "Preco": 15.59,
        "Unidade_Info": "2.8 Kg | 5,57 €/Kg",
        "Categorias_GTM": "Categoria Referência SFCC, Poupe Esta Semana, Promoções, Animais, Comida Seca",
        "Data_Coleta": "2025-06-01 02:29:03"
    },
    {
        "ID_Produto": "873824",
        "Categoria_Scraping": "animais",
        "Nome": "Comida Seca para Cão Croquetes",
        "Marca": "Activpet",
        "Preco": 15.49,
        "Unidade_Info": "20 Kg | 0,77 €/Kg",
        "Categorias_GTM": "Cão, Comida Seca, Animais, ActivPet, As Nossas Marcas",
        "Data_Coleta": "2025-06-01 02:29:03"
    },
    {
        "ID_Produto": "955354",
        "Categoria_Scraping": "animais",
        "Nome": "Comida Seca para Gato Esterelizado Salmão",
        "Marca": "Purina One",
        "Preco": 15.59,
        "Unidade_Info": "2.8 Kg | 5,57 €/Kg",
        "Categorias_GTM": "Categoria Referência SFCC, Animais, Comida Seca, Gato, Poupe Este Fim De Semana",
        "Data_Coleta": "2025-06-01 02:29:03"
    },
    {
        "ID_Produto": "979287",
        "Categoria_Scraping": "animais",
        "Nome": "Tapete Educativo para Cães e Gatos",
        "Marca": "Activpet",
        "Preco": 5.99,
        "Unidade_Info": "20 Un | 0,3 €/Un",
        "Categorias_GTM": "ActivPet, As Nossas Marcas, Animais, Cão, Higiene e Acessórios",
        "Data_Coleta": "2025-06-01 02:29:03"
    },
    {
        "ID_Produto": "674664",
        "Categoria_Scraping": "animais",
        "Nome": "Absorvente para Roedores",
        "Marca": "Activpet",
        "Preco": 7.89,
        "Unidade_Info": "10 L | 0,79 €/L",
        "Categorias_GTM": "ActivPet, As Nossas Marcas, Categoria Referência SFCC, Animais, Outros Animais",
        "Data_Coleta": "2025-06-01 02:29:03"
    },
    {
        "ID_Produto": "518418",
        "Categoria_Scraping": "animais",
        "Nome": "Comida Húmida em Pedaços para Gato Delícias do Oceanno",
        "Marca": "Purina Gourmet Gold",
        "Preco": 2.59,
        "Unidade_Info": "0.34 Kg | 7,62 €/Kg",
        "Categorias_GTM": "Poupe Esta Semana, Promoções, Categoria Referência SFCC, Animais, Comida Húmida",
        "Data_Coleta": "2025-06-01 02:29:03"
    },
    {
        "ID_Produto": "471364",
        "Categoria_Scraping": "animais",
        "Nome": "Comida Húmida para Cão Paté de Borrego",
        "Marca": "Activpet",
        "Preco": 0.75,
        "Unidade_Info": "0.3 Kg | 2,5 €/Kg",
        "Categorias_GTM": "ActivPet, As Nossas Marcas, Categoria Referência SFCC, Animais, Cão",
        "Data_Coleta": "2025-06-01 02:29:03"
    },
    {
        "ID_Produto": "646347",
        "Categoria_Scraping": "animais",
        "Nome": "Comida Húmida para Gato A la Carte Frango",
        "Marca": "Purina Gourmet Gold",
        "Preco": 3.49,
        "Unidade_Info": "0.34 Kg | 10,26 €/Kg",
        "Categorias_GTM": "Categoria Referência SFCC, Animais, Comida Húmida, Gato",
        "Data_Coleta": "2025-06-01 02:29:16"
    },
    {
        "ID_Produto": "861919",
        "Categoria_Scraping": "animais",
        "Nome": "Comida Húmida para Gato Atum Fondant",
        "Marca": "Purina Gourmet Gold",
        "Preco": 0.87,
        "Unidade_Info": "0.085 Kg | 10,24 €/Kg",
        "Categorias_GTM": "Animais, Comida Húmida, Gato, Categoria Referência SFCC",
        "Data_Coleta": "2025-06-01 02:29:16"
    },
    {
        "ID_Produto": "939616",
        "Categoria_Scraping": "animais",
        "Nome": "Comida Húmida para Gato com Carne Fantastic",
        "Marca": "Purina Felix",
        "Preco": 7.99,
        "Unidade_Info": "1.02 Kg | 7,83 €/Kg",
        "Categorias_GTM": "Categoria Referência SFCC, Animais, Comida Húmida, Gato",
        "Data_Coleta": "2025-06-01 02:29:16"
    },
    {
        "ID_Produto": "904005",
        "Categoria_Scraping": "animais",
        "Nome": "Comida Húmida para Gato com Frango Gourmet Nature's Creations 4x85 g",
        "Marca": "Purina Gourmet Gold",
        "Preco": 2.94,
        "Unidade_Info": "0.34 Kg | 8,65 €/Kg",
        "Categorias_GTM": "N/A",
        "Data_Coleta": "2025-06-01 02:29:16"
    },
    {
        "ID_Produto": "839488",
        "Categoria_Scraping": "animais",
        "Nome": "Comida Húmida para Gato Duplo Prazer",
        "Marca": "Purina Gourmet Gold",
        "Preco": 9.69,
        "Unidade_Info": "1.02 Kg | 9,5 €/Kg",
        "Categorias_GTM": "Animais, Gato, Comida Húmida, Categoria Referência SFCC",
        "Data_Coleta": "2025-06-01 02:29:16"
    },
    {
        "ID_Produto": "940414",
        "Categoria_Scraping": "animais",
        "Nome": "Comida Húmida para Gato Duro Carne",
        "Marca": "Purina Felix",
        "Preco": 7.99,
        "Unidade_Info": "1.02 Kg | 7,83 €/Kg",
        "Categorias_GTM": "Categoria Referência SFCC, Animais, Comida Húmida, Gato",
        "Data_Coleta": "2025-06-01 02:29:16"
    },
    {
        "ID_Produto": "869565",
        "Categoria_Scraping": "animais",
        "Nome": "Comida Húmida para Gato Esterilizado Salmão",
        "Marca": "Purina One",
        "Preco": 2.59,
        "Unidade_Info": "0.34 Kg | 7,62 €/Kg",
        "Categorias_GTM": "Poupe Esta Semana, Animais, Comida Húmida, Gato, Promoções",
        "Data_Coleta": "2025-06-01 02:29:16"
    },
    {
        "ID_Produto": "370354",
        "Categoria_Scraping": "animais",
        "Nome": "Comida Húmida para Gato Mousse com Salmão Gourmet Gold",
        "Marca": "Purina Gourmet Gold",
        "Preco": 0.87,
        "Unidade_Info": "0.085 Kg | 10,24 €/Kg",
        "Categorias_GTM": "Animais, Comida Húmida, Gato, Categoria Referência SFCC",
        "Data_Coleta": "2025-06-01 02:29:16"
    },
    {
        "ID_Produto": "22398",
        "Categoria_Scraping": "animais",
        "Nome": "Comida Húmida para Gato Mousse de Peixe",
        "Marca": "Purina Gourmet Gold",
        "Preco": 0.87,
        "Unidade_Info": "0.085 Kg | 10,24 €/Kg",
        "Categorias_GTM": "Animais, Comida Húmida, Gato, Categoria Referência SFCC",
        "Data_Coleta": "2025-06-01 02:29:16"
    },
    {
        "ID_Produto": "895841",
        "Categoria_Scraping": "animais",
        "Nome": "Comida Húmida para Gato Pedaços de Molho",
        "Marca": "Purina Gourmet Gold",
        "Preco": 9.69,
        "Unidade_Info": "1.02 Kg | 9,5 €/Kg",
        "Categorias_GTM": "Animais, Comida Húmida, Gato, Categoria Referência SFCC",
        "Data_Coleta": "2025-06-01 02:29:16"
    },
    {
        "ID_Produto": "977745",
        "Categoria_Scraping": "animais",
        "Nome": "Comida Húmida para Gato Pedaços em Geleia",
        "Marca": "Kitty",
        "Preco": 3.29,
        "Unidade_Info": "1.2 Kg | 2,74 €/Kg",
        "Categorias_GTM": "As Nossas Marcas, Kitty, Animais, Comida Húmida, Gato",
        "Data_Coleta": "2025-06-01 02:29:16"
    },
    {
        "ID_Produto": "977746",
        "Categoria_Scraping": "animais",
        "Nome": "Comida Húmida para Gato Pedaços em Molho",
        "Marca": "Kitty",
        "Preco": 3.29,
        "Unidade_Info": "1.2 Kg | 2,74 €/Kg",
        "Categorias_GTM": "As Nossas Marcas, Kitty, Animais, Comida Húmida, Gato",
        "Data_Coleta": "2025-06-01 02:29:16"
    },
    {
        "ID_Produto": "940233",
        "Categoria_Scraping": "animais",
        "Nome": "Comida Húmida para Gato Peixe Fantastic",
        "Marca": "Purina Felix",
        "Preco": 7.99,
        "Unidade_Info": "1.02 Kg | 7,83 €/Kg",
        "Categorias_GTM": "Categoria Referência SFCC, Animais, Comida Húmida, Gato",
        "Data_Coleta": "2025-06-01 02:29:22"
    },
    {
        "ID_Produto": "940217",
        "Categoria_Scraping": "animais",
        "Nome": "Comida Húmida para Gato Seleção do Campo Fantastic",
        "Marca": "Purina Felix",
        "Preco": 2.24,
        "Unidade_Info": "0.34 Kg | 6,59 €/Kg",
        "Categorias_GTM": "Categoria Referência SFCC, Gato, Animais, Comida Húmida, Poupe Esta Semana",
        "Data_Coleta": "2025-06-01 02:29:22"
    },
    {
        "ID_Produto": "909716",
        "Categoria_Scraping": "animais",
        "Nome": "Comida Húmida para Gato Soup Seleção de Peixes",
        "Marca": "Purina Felix",
        "Preco": 2.24,
        "Unidade_Info": "0.288 Kg | 7,78 €/Kg",
        "Categorias_GTM": "Promoções, Animais, Comida Húmida, Gato, Poupe Esta Semana",
        "Data_Coleta": "2025-06-01 02:29:22"
    },
    {
        "ID_Produto": "22400",
        "Categoria_Scraping": "animais",
        "Nome": "Comida Húmida para Gato Terrine com Frango",
        "Marca": "Purina Gourmet Gold",
        "Preco": 0.87,
        "Unidade_Info": "0.085 Kg | 10,24 €/Kg",
        "Categorias_GTM": "Animais, Comida Húmida, Gato, Categoria Referência SFCC",
        "Data_Coleta": "2025-06-01 02:29:22"
    },
    {
        "ID_Produto": "730628",
        "Categoria_Scraping": "animais",
        "Nome": "Comida Seca para Cão Mix",
        "Marca": "Activpet",
        "Preco": 10.99,
        "Unidade_Info": "10 Kg | 1,1 €/Kg",
        "Categorias_GTM": "ActivPet, As Nossas Marcas, Categoria Referência SFCC, Animais, Cão",
        "Data_Coleta": "2025-06-01 02:29:22"
    },
    {
        "ID_Produto": "966588",
        "Categoria_Scraping": "animais",
        "Nome": "Comida Seca para Gato Cocktail de Carne",
        "Marca": "Kitty",
        "Preco": 4.89,
        "Unidade_Info": "4 Kg | 1,22 €/Kg",
        "Categorias_GTM": "As Nossas Marcas, Kitty, Animais, Comida Seca, Gato",
        "Data_Coleta": "2025-06-01 02:29:22"
    },
    {
        "ID_Produto": "955356",
        "Categoria_Scraping": "animais",
        "Nome": "Comida Seca para Gato Sterilcat HairBall",
        "Marca": "Purina One",
        "Preco": 15.59,
        "Unidade_Info": "2.8 Kg | 5,57 €/Kg",
        "Categorias_GTM": "Categoria Referência SFCC, Animais, Comida Seca, Gato, Poupe Este Fim De Semana",
        "Data_Coleta": "2025-06-01 02:29:22"
    },
    {
        "ID_Produto": "776715",
        "Categoria_Scraping": "animais",
        "Nome": "Ração Seca para Cão Adulto",
        "Marca": "Happyone",
        "Preco": 14.39,
        "Unidade_Info": "10 Kg | 1,44 €/Kg",
        "Categorias_GTM": "Poupe Esta Semana, Promoções, Categoria Referência SFCC, Animais, Cão",
        "Data_Coleta": "2025-06-01 02:29:22"
    },
    {
        "ID_Produto": "856766",
        "Categoria_Scraping": "animais",
        "Nome": "Ração Seca para Cão Adulto Vaca e Arroz",
        "Marca": "Purina One",
        "Preco": 11.99,
        "Unidade_Info": "3 Kg | 4 €/Kg",
        "Categorias_GTM": "Categoria Referência SFCC, Animais, Cão, Comida Seca, Poupe Este Fim De Semana",
        "Data_Coleta": "2025-06-01 02:29:22"
    },
    {
        "ID_Produto": "667614",
        "Categoria_Scraping": "animais",
        "Nome": "Ração Seca para Gato Adulto deInteriorcom Frango Purina",
        "Marca": "Purina Friskies",
        "Preco": 8.74,
        "Unidade_Info": "3 Kg | 2,91 €/Kg",
        "Categorias_GTM": "Categoria Referência SFCC, Animais, Comida Seca, Gato, Poupe Este Fim De Semana",
        "Data_Coleta": "2025-06-01 02:29:22"
    },
    {
        "ID_Produto": "480710",
        "Categoria_Scraping": "animais",
        "Nome": "Ração Seca para Gato Adulto de Interior Peru",
        "Marca": "Purina One",
        "Preco": 13.29,
        "Unidade_Info": "1.5 Kg | 8,86 €/Kg",
        "Categorias_GTM": "Categoria Referência SFCC, Animais, Comida Seca, Gato",
        "Data_Coleta": "2025-06-01 02:29:22"
    },
    {
        "ID_Produto": "744108",
        "Categoria_Scraping": "animais",
        "Nome": "Ração Seca para Gato Esterilizado Bolas de Pelo",
        "Marca": "Affinity Ultima",
        "Preco": 13.29,
        "Unidade_Info": "1.5 Kg | 8,86 €/Kg",
        "Categorias_GTM": "Categoria Referência SFCC, Animais, Comida Seca, Gato",
        "Data_Coleta": "2025-06-01 02:29:22"
    },
    {
        "ID_Produto": "846084",
        "Categoria_Scraping": "animais",
        "Nome": "Ração Seca para Gato Esterilizado com Salmão",
        "Marca": "Purina One",
        "Preco": 13.29,
        "Unidade_Info": "1.5 Kg | 8,86 €/Kg",
        "Categorias_GTM": "Categoria Referência SFCC, Animais, Comida Seca, Gato",
        "Data_Coleta": "2025-06-01 02:29:27"
    },
    {
        "ID_Produto": "909719",
        "Categoria_Scraping": "animais",
        "Nome": "Ração Seca para Gato Esterilizado com Salmão",
        "Marca": "Purina Friskies",
        "Preco": 8.74,
        "Unidade_Info": "3 Kg | 2,91 €/Kg",
        "Categorias_GTM": "Animais, Comida Seca, Gato, Categoria Referência SFCC, Poupe Esta Semana",
        "Data_Coleta": "2025-06-01 02:29:27"
    },
    {
        "ID_Produto": "843436",
        "Categoria_Scraping": "animais",
        "Nome": "Ração Seca para Gato Esterilizado Peru",
        "Marca": "Purina Friskies",
        "Preco": 8.74,
        "Unidade_Info": "3 Kg | 2,91 €/Kg",
        "Categorias_GTM": "Categoria Referência SFCC, Animais, Comida Seca, Gato, Poupe Este Fim De Semana",
        "Data_Coleta": "2025-06-01 02:29:27"
    },
    {
        "ID_Produto": "495869",
        "Categoria_Scraping": "animais",
        "Nome": "Snack para Cão Biscrok",
        "Marca": "Pedigree",
        "Preco": 3.49,
        "Unidade_Info": "0.5 Kg | 6,98 €/Kg",
        "Categorias_GTM": "Poupe Esta Semana, Categoria Referência SFCC, Promoções, Animais, Cão",
        "Data_Coleta": "2025-06-01 02:29:27"
    },
    {
        "ID_Produto": "657042",
        "Categoria_Scraping": "animais",
        "Nome": "Snack para Cão Grande Dentastix",
        "Marca": "Pedigree",
        "Preco": 10.49,
        "Unidade_Info": "1.08 Kg | 9,71 €/Kg",
        "Categorias_GTM": "Categoria Referência SFCC, Animais, Cão, Snacks, Poupe Este Fim De Semana",
        "Data_Coleta": "2025-06-01 02:29:27"
    },
    {
        "ID_Produto": "657043",
        "Categoria_Scraping": "animais",
        "Nome": "Snack para Cão Pequeno Dentastix",
        "Marca": "Pedigree",
        "Preco": 6.59,
        "Unidade_Info": "0.44 Kg | 14,98 €/Kg",
        "Categorias_GTM": "Categoria Referência SFCC, Animais, Cão, Snacks, Poupe Esta Semana",
        "Data_Coleta": "2025-06-01 02:29:27"
    },
    {
        "ID_Produto": "877777",
        "Categoria_Scraping": "animais",
        "Nome": "Alimento para Canários Mistura",
        "Marca": "Activpet",
        "Preco": 1.79,
        "Unidade_Info": "1 Kg | 1,79 €/Kg",
        "Categorias_GTM": "Animais, Aves, Outros Animais, ActivPet, As Nossas Marcas",
        "Data_Coleta": "2025-06-01 02:29:27"
    },
    {
        "ID_Produto": "820030",
        "Categoria_Scraping": "animais",
        "Nome": "Alimento para Coelho Anão",
        "Marca": "Activpet",
        "Preco": 1.99,
        "Unidade_Info": "0.8 Kg | 2,49 €/Kg",
        "Categorias_GTM": "Animais, Outros Animais, Roedores, ActivPet, As Nossas Marcas",
        "Data_Coleta": "2025-06-01 02:29:27"
    },
    {
        "ID_Produto": "881097",
        "Categoria_Scraping": "animais",
        "Nome": "Alimento para Periquitos Mistura",
        "Marca": "Activpet",
        "Preco": 1.79,
        "Unidade_Info": "1 Kg | 1,79 €/Kg",
        "Categorias_GTM": "Animais, Aves, Outros Animais, ActivPet, As Nossas Marcas",
        "Data_Coleta": "2025-06-01 02:29:27"
    },
    {
        "ID_Produto": "676066",
        "Categoria_Scraping": "animais",
        "Nome": "Champô para Animais",
        "Marca": "Activpet",
        "Preco": 2.09,
        "Unidade_Info": "0.5 L | 4,18 €/L",
        "Categorias_GTM": "Categoria Referência SFCC, Animais, Cão, Higiene e Acessórios, ActivPet",
        "Data_Coleta": "2025-06-01 02:29:27"
    },
    {
        "ID_Produto": "936554",
        "Categoria_Scraping": "animais",
        "Nome": "Comida Húmida para Cão Adulto Geleia",
        "Marca": "Activpet",
        "Preco": 1.79,
        "Unidade_Info": "0.4 Un | 4,47 €/Un",
        "Categorias_GTM": "ActivPet, As Nossas Marcas, Categoria Referência SFCC, Animais, Cão",
        "Data_Coleta": "2025-06-01 02:29:27"
    },
    {
        "ID_Produto": "935559",
        "Categoria_Scraping": "animais",
        "Nome": "Comida Húmida para Cão Adulto Geleia",
        "Marca": "Activpet",
        "Preco": 1.79,
        "Unidade_Info": "0.4 Un | 4,47 €/Un",
        "Categorias_GTM": "Categoria Referência SFCC, Animais, Cão, Comida Húmida, ActivPet",
        "Data_Coleta": "2025-06-01 02:29:27"
    },
    {
        "ID_Produto": "939442",
        "Categoria_Scraping": "animais",
        "Nome": "Comida Húmida para Cão Galinha e Cereais",
        "Marca": "Activpet",
        "Preco": 0.99,
        "Unidade_Info": "0.4 Kg | 2,47 €/Kg",
        "Categorias_GTM": "ActivPet, As Nossas Marcas, Categoria Referência SFCC, Animais, Cão",
        "Data_Coleta": "2025-06-01 02:29:33"
    },
    {
        "ID_Produto": "985673",
        "Categoria_Scraping": "animais",
        "Nome": "Comida Húmida para Cão Galinha e Cereais",
        "Marca": "Activpet",
        "Preco": 1.69,
        "Unidade_Info": "1.24 Un | 1,36 €/Un",
        "Categorias_GTM": "ActivPet, As Nossas Marcas, Animais, Cão, Comida Húmida",
        "Data_Coleta": "2025-06-01 02:29:33"
    },
    {
        "ID_Produto": "916374",
        "Categoria_Scraping": "animais",
        "Nome": "Comida Húmida para Cão Júnior Frango e Arroz",
        "Marca": "Activpet",
        "Preco": 0.85,
        "Unidade_Info": "0.3 Kg | 2,83 €/Kg",
        "Categorias_GTM": "Animais, Cão, Comida Húmida, ActivPet, As Nossas Marcas",
        "Data_Coleta": "2025-06-01 02:29:33"
    },
    {
        "ID_Produto": "939441",
        "Categoria_Scraping": "animais",
        "Nome": "Comida Húmida para Cão Júnior Frango e Arroz",
        "Marca": "Activpet",
        "Preco": 0.89,
        "Unidade_Info": "0.4 Kg | 2,23 €/Kg",
        "Categorias_GTM": "Categoria Referência SFCC, Animais, Cão, Comida Húmida, Poupe Esta Semana",
        "Data_Coleta": "2025-06-01 02:29:33"
    },
    {
        "ID_Produto": "471363",
        "Categoria_Scraping": "animais",
        "Nome": "Comida Húmida para Cão Paté de Vaga e Fígado",
        "Marca": "Activpet",
        "Preco": 0.75,
        "Unidade_Info": "0.3 Kg | 2,5 €/Kg",
        "Categorias_GTM": "Categoria Referência SFCC, Animais, Cão, Comida Húmida, ActivPet",
        "Data_Coleta": "2025-06-01 02:29:33"
    },
    {
        "ID_Produto": "765144",
        "Categoria_Scraping": "animais",
        "Nome": "Comida Húmida para Cão Premium Pedaços de Vaca e Peru",
        "Marca": "Activpet",
        "Preco": 0.49,
        "Unidade_Info": "0.15 Kg | 3,27 €/Kg",
        "Categorias_GTM": "Animais, Cão, Comida Húmida, Categoria Referência SFCC, ActivPet",
        "Data_Coleta": "2025-06-01 02:29:33"
    },
    {
        "ID_Produto": "765154",
        "Categoria_Scraping": "animais",
        "Nome": "Comida Húmida para Cão Premium Pedaços Vitela e Frango",
        "Marca": "Activpet",
        "Preco": 0.49,
        "Unidade_Info": "0.15 Kg | 3,27 €/Kg",
        "Categorias_GTM": "ActivPet, As Nossas Marcas, Animais, Cão, Comida Húmida",
        "Data_Coleta": "2025-06-01 02:29:33"
    },
    {
        "ID_Produto": "921636",
        "Categoria_Scraping": "animais",
        "Nome": "Comida Húmida para Cão Sénior Patê de Frango e Arroz",
        "Marca": "Activpet",
        "Preco": 0.85,
        "Unidade_Info": "0.3 Kg | 2,83 €/Kg",
        "Categorias_GTM": "ActivPet, As Nossas Marcas, Animais, Cão, Comida Húmida",
        "Data_Coleta": "2025-06-01 02:29:33"
    },
    {
        "ID_Produto": "985672",
        "Categoria_Scraping": "animais",
        "Nome": "Comida Húmida para Cão Vaca e Cereais",
        "Marca": "Activpet",
        "Preco": 1.69,
        "Unidade_Info": "1.24 Un | 1,36 €/Un",
        "Categorias_GTM": "ActivPet, As Nossas Marcas, Animais, Cão, Comida Húmida",
        "Data_Coleta": "2025-06-01 02:29:33"
    },
    {
        "ID_Produto": "968741",
        "Categoria_Scraping": "animais",
        "Nome": "Comida Húmida para Gatinhos",
        "Marca": "Kitty",
        "Preco": 0.59,
        "Unidade_Info": "0.085 Kg | 6,94 €/Kg",
        "Categorias_GTM": "As Nossas Marcas, Kitty, Animais, Comida Húmida, Gato",
        "Data_Coleta": "2025-06-01 02:29:33"
    },
    {
        "ID_Produto": "968740",
        "Categoria_Scraping": "animais",
        "Nome": "Comida Húmida para Gato Adulto Patê Vaca",
        "Marca": "Kitty",
        "Preco": 0.39,
        "Unidade_Info": "0.1 Kg | 3,9 €/Kg",
        "Categorias_GTM": "As Nossas Marcas, Kitty, Animais, Comida Húmida, Gato",
        "Data_Coleta": "2025-06-01 02:29:33"
    },
    {
        "ID_Produto": "968729",
        "Categoria_Scraping": "animais",
        "Nome": "Comida Húmida para Gato com Frango",
        "Marca": "Kitty",
        "Preco": 0.59,
        "Unidade_Info": "0.085 Kg | 6,94 €/Kg",
        "Categorias_GTM": "As Nossas Marcas, Kitty, Animais, Comida Húmida, Gato",
        "Data_Coleta": "2025-06-01 02:29:33"
    },
    {
        "ID_Produto": "968728",
        "Categoria_Scraping": "animais",
        "Nome": "Comida Húmida para Gato com Peixe",
        "Marca": "Kitty",
        "Preco": 0.59,
        "Unidade_Info": "0.085 Kg | 6,94 €/Kg",
        "Categorias_GTM": "As Nossas Marcas, Kitty, Animais, Comida Húmida, Gato",
        "Data_Coleta": "2025-06-01 02:29:38"
    },
    {
        "ID_Produto": "968727",
        "Categoria_Scraping": "animais",
        "Nome": "Comida Húmida para Gato com Salmão",
        "Marca": "Kitty",
        "Preco": 0.59,
        "Unidade_Info": "0.085 Kg | 6,94 €/Kg",
        "Categorias_GTM": "As Nossas Marcas, Kitty, Animais, Comida Húmida, Gato",
        "Data_Coleta": "2025-06-01 02:29:38"
    },
    {
        "ID_Produto": "981242",
        "Categoria_Scraping": "animais",
        "Nome": "Comida Húmida para Gato Galinha e Vitela",
        "Marca": "Kitty",
        "Preco": 0.77,
        "Unidade_Info": "0.415 Kg | 1,86 €/Kg",
        "Categorias_GTM": "As Nossas Marcas, Kitty, Animais, Comida Húmida, Gato",
        "Data_Coleta": "2025-06-01 02:29:38"
    },
    {
        "ID_Produto": "968730",
        "Categoria_Scraping": "animais",
        "Nome": "Comida Húmida para Gato Grain Free Frango",
        "Marca": "Kitty",
        "Preco": 0.49,
        "Unidade_Info": "0.1 Kg | 4,9 €/Kg",
        "Categorias_GTM": "As Nossas Marcas, Kitty, Animais, Comida Húmida, Gato",
        "Data_Coleta": "2025-06-01 02:29:38"
    },
    {
        "ID_Produto": "968731",
        "Categoria_Scraping": "animais",
        "Nome": "Comida Húmida para Gato Grain Free Salmão",
        "Marca": "Kitty",
        "Preco": 0.49,
        "Unidade_Info": "0.1 Kg | 4,9 €/Kg",
        "Categorias_GTM": "As Nossas Marcas, Kitty, Animais, Comida Húmida, Gato",
        "Data_Coleta": "2025-06-01 02:29:38"
    },
    {
        "ID_Produto": "915255",
        "Categoria_Scraping": "animais",
        "Nome": "Comida Húmida para Gato Júnior Frango e Arroz",
        "Marca": "Activpet",
        "Preco": 0.79,
        "Unidade_Info": "0.3 Kg | 2,63 €/Kg",
        "Categorias_GTM": "ActivPet, As Nossas Marcas, Animais, Cão, Comida Húmida",
        "Data_Coleta": "2025-06-01 02:29:38"
    },
    {
        "ID_Produto": "968275",
        "Categoria_Scraping": "animais",
        "Nome": "Comida Húmida para Gato Paté de Frango e Perú",
        "Marca": "Kitty",
        "Preco": 0.39,
        "Unidade_Info": "0.1 Kg | 3,9 €/Kg",
        "Categorias_GTM": "As Nossas Marcas, Kitty, Animais, Comida Húmida, Gato",
        "Data_Coleta": "2025-06-01 02:29:38"
    },
    {
        "ID_Produto": "986939",
        "Categoria_Scraping": "animais",
        "Nome": "Comida Húmida para Gato Plus",
        "Marca": "Kitty",
        "Preco": 1.89,
        "Unidade_Info": "0.4 Un | 4,72 €/Un",
        "Categorias_GTM": "As Nossas Marcas, Kitty, Animais, Comida Húmida, Gato",
        "Data_Coleta": "2025-06-01 02:29:38"
    },
    {
        "ID_Produto": "971461",
        "Categoria_Scraping": "animais",
        "Nome": "Comida Húmida para Gato Plus",
        "Marca": "Kitty",
        "Preco": 0.59,
        "Unidade_Info": "0.1 Kg | 5,9 €/Kg",
        "Categorias_GTM": "As Nossas Marcas, Kitty, Animais, Comida Húmida, Gato",
        "Data_Coleta": "2025-06-01 02:29:38"
    },
    {
        "ID_Produto": "971462",
        "Categoria_Scraping": "animais",
        "Nome": "Comida Húmida para Gato Plus",
        "Marca": "Kitty",
        "Preco": 0.59,
        "Unidade_Info": "0.1 Kg | 5,9 €/Kg",
        "Categorias_GTM": "As Nossas Marcas, Kitty, Animais, Comida Húmida, Gato",
        "Data_Coleta": "2025-06-01 02:29:38"
    },
    {
        "ID_Produto": "981243",
        "Categoria_Scraping": "animais",
        "Nome": "Comida Húmida para Gato Salmão e Truta",
        "Marca": "Kitty",
        "Preco": 0.77,
        "Unidade_Info": "0.415 Kg | 1,86 €/Kg",
        "Categorias_GTM": "As Nossas Marcas, Kitty, Animais, Comida Húmida, Gato",
        "Data_Coleta": "2025-06-01 02:29:38"
    },
    {
        "ID_Produto": "968734",
        "Categoria_Scraping": "animais",
        "Nome": "Comida Húmida para Gato Sénior Alutray",
        "Marca": "Kitty",
        "Preco": 0.45,
        "Unidade_Info": "0.1 Kg | 4,5 €/Kg",
        "Categorias_GTM": "As Nossas Marcas, Kitty, Animais, Comida Húmida, Gato",
        "Data_Coleta": "2025-06-01 02:29:38"
    },
    {
        "ID_Produto": "968733",
        "Categoria_Scraping": "animais",
        "Nome": "Comida Húmida para Gato Tasty Mix",
        "Marca": "Kitty",
        "Preco": 0.45,
        "Unidade_Info": "0.1 Kg | 4,5 €/Kg",
        "Categorias_GTM": "As Nossas Marcas, Kitty, Animais, Comida Húmida, Gato",
        "Data_Coleta": "2025-06-01 02:29:44"
    },
    {
        "ID_Produto": "968276",
        "Categoria_Scraping": "animais",
        "Nome": "Comida Húmida para Gato Truta e Camarão",
        "Marca": "Kitty",
        "Preco": 0.39,
        "Unidade_Info": "0.1 Kg | 3,9 €/Kg",
        "Categorias_GTM": "Animais, Comida Húmida, Gato, As Nossas Marcas, Kitty",
        "Data_Coleta": "2025-06-01 02:29:44"
    },
    {
        "ID_Produto": "968726",
        "Categoria_Scraping": "animais",
        "Nome": "Comida Húmida para Gato Vaca",
        "Marca": "Kitty",
        "Preco": 0.59,
        "Unidade_Info": "0.085 Kg | 6,94 €/Kg",
        "Categorias_GTM": "As Nossas Marcas, Kitty, Animais, Comida Húmida, Gato",
        "Data_Coleta": "2025-06-01 02:29:44"
    },
    {
        "ID_Produto": "981241",
        "Categoria_Scraping": "animais",
        "Nome": "Comida Húmida para Gato Vaca e Fígado",
        "Marca": "Kitty",
        "Preco": 0.77,
        "Unidade_Info": "0.415 Kg | 1,86 €/Kg",
        "Categorias_GTM": "As Nossas Marcas, Kitty, Animais, Comida Húmida, Gato",
        "Data_Coleta": "2025-06-01 02:29:44"
    },
    {
        "ID_Produto": "968739",
        "Categoria_Scraping": "animais",
        "Nome": "Comida para Gato Esterilizado Trato Urinário",
        "Marca": "Kitty",
        "Preco": 2.69,
        "Unidade_Info": "0.8 Kg | 3,36 €/Kg",
        "Categorias_GTM": "Animais, Comida Seca, Gato, As Nossas Marcas, Kitty",
        "Data_Coleta": "2025-06-01 02:29:44"
    },
    {
        "ID_Produto": "671540",
        "Categoria_Scraping": "animais",
        "Nome": "Comida para Peixes Água Fria",
        "Marca": "Activpet",
        "Preco": 1.99,
        "Unidade_Info": "0.035 Kg | 56,86 €/Kg",
        "Categorias_GTM": "ActivPet, As Nossas Marcas, Categoria Referência SFCC, Animais, Outros Animais",
        "Data_Coleta": "2025-06-01 02:29:44"
    },
    {
        "ID_Produto": "671542",
        "Categoria_Scraping": "animais",
        "Nome": "Comida para Tartarugas",
        "Marca": "Activpet",
        "Preco": 2.19,
        "Unidade_Info": "0.025 Kg | 87,6 €/Kg",
        "Categorias_GTM": "Categoria Referência SFCC, Animais, Outros Animais, Peixes e Tartarugas, ActivPet",
        "Data_Coleta": "2025-06-01 02:29:44"
    },
    {
        "ID_Produto": "915285",
        "Categoria_Scraping": "animais",
        "Nome": "Comida Seca para Cão Adulto Premium Borrego com Arroz",
        "Marca": "Activpet",
        "Preco": 8.99,
        "Unidade_Info": "4 Kg | 2,25 €/Kg",
        "Categorias_GTM": "ActivPet, As Nossas Marcas, Animais, Cão, Comida Seca",
        "Data_Coleta": "2025-06-01 02:29:44"
    },
    {
        "ID_Produto": "915493",
        "Categoria_Scraping": "animais",
        "Nome": "Comida Seca para Cão Adulto Premium Frango e Arroz",
        "Marca": "Activpet",
        "Preco": 16.19,
        "Unidade_Info": "7.5 Kg | 2,16 €/Kg",
        "Categorias_GTM": "Comida Seca, Animais, Cão, Poupe Esta Semana, Promoções",
        "Data_Coleta": "2025-06-01 02:29:44"
    },
    {
        "ID_Produto": "915251",
        "Categoria_Scraping": "animais",
        "Nome": "Comida Seca para Cão Adulto Premium Salmão com Arroz",
        "Marca": "Activpet",
        "Preco": 8.99,
        "Unidade_Info": "4 Kg | 2,25 €/Kg",
        "Categorias_GTM": "ActivPet, As Nossas Marcas, Animais, Cão, Comida Seca",
        "Data_Coleta": "2025-06-01 02:29:44"
    },
    {
        "ID_Produto": "939319",
        "Categoria_Scraping": "animais",
        "Nome": "Comida Seca para Cão Croquetes com Carne",
        "Marca": "Activpet",
        "Preco": 4.59,
        "Unidade_Info": "4 Kg | 1,15 €/Kg",
        "Categorias_GTM": "ActivPet, As Nossas Marcas, Categoria Referência SFCC, Animais, Cão",
        "Data_Coleta": "2025-06-01 02:29:44"
    },
    {
        "ID_Produto": "872212",
        "Categoria_Scraping": "animais",
        "Nome": "Comida Seca para Cão Croquetes Tenros",
        "Marca": "Activpet",
        "Preco": 4.19,
        "Unidade_Info": "1.4 Kg | 2,99 €/Kg",
        "Categorias_GTM": "Animais, Cão, Comida Seca, ActivPet, As Nossas Marcas",
        "Data_Coleta": "2025-06-01 02:29:44"
    },
    {
        "ID_Produto": "737387",
        "Categoria_Scraping": "animais",
        "Nome": "Comida Seca para Cão Júnior",
        "Marca": "Activpet",
        "Preco": 2.99,
        "Unidade_Info": "2 Kg | 1,5 €/Kg",
        "Categorias_GTM": "Categoria Referência SFCC, Animais, Cão, Comida Seca, ActivPet",
        "Data_Coleta": "2025-06-01 02:29:50"
    },
    {
        "ID_Produto": "805402",
        "Categoria_Scraping": "animais",
        "Nome": "Comida Seca para Cão Júnior Frango",
        "Marca": "Activpet",
        "Preco": 13.49,
        "Unidade_Info": "10 Kg | 1,35 €/Kg",
        "Categorias_GTM": "ActivPet, As Nossas Marcas, Animais, Cão, Comida Seca",
        "Data_Coleta": "2025-06-01 02:29:50"
    },
    {
        "ID_Produto": "915287",
        "Categoria_Scraping": "animais",
        "Nome": "Comida Seca para Cão Júnior Premium Salmão e Arroz",
        "Marca": "Activpet",
        "Preco": 8.29,
        "Unidade_Info": "3 Kg | 2,76 €/Kg",
        "Categorias_GTM": "Animais, Cão, Comida Seca, ActivPet, As Nossas Marcas",
        "Data_Coleta": "2025-06-01 02:29:50"
    },
    {
        "ID_Produto": "939318",
        "Categoria_Scraping": "animais",
        "Nome": "Comida Seca para Cão Mixg",
        "Marca": "Activpet",
        "Preco": 5.99,
        "Unidade_Info": "4 Kg | 1,5 €/Kg",
        "Categorias_GTM": "ActivPet, As Nossas Marcas, Categoria Referência SFCC, Animais, Cão",
        "Data_Coleta": "2025-06-01 02:29:50"
    },
    {
        "ID_Produto": "733218",
        "Categoria_Scraping": "animais",
        "Nome": "Comida Seca para Cão Raças Pequenas Carne e Cereais",
        "Marca": "Activpet",
        "Preco": 3.99,
        "Unidade_Info": "2 Kg | 2 €/Kg",
        "Categorias_GTM": "ActivPet, As Nossas Marcas, Categoria Referência SFCC, Animais, Cão",
        "Data_Coleta": "2025-06-01 02:29:50"
    },
    {
        "ID_Produto": "915286",
        "Categoria_Scraping": "animais",
        "Nome": "Comida Seca para Cão Raças Pequenas Premium Vaca e Arroz",
        "Marca": "Activpet",
        "Preco": 6.99,
        "Unidade_Info": "3 Kg | 2,33 €/Kg",
        "Categorias_GTM": "Animais, Cão, Comida Seca, ActivPet, As Nossas Marcas",
        "Data_Coleta": "2025-06-01 02:29:50"
    },
    {
        "ID_Produto": "928444",
        "Categoria_Scraping": "animais",
        "Nome": "Comida Seca para Cão Sénior PremiumFrango e Arroz",
        "Marca": "Activpet",
        "Preco": 8.99,
        "Unidade_Info": "4 Kg | 2,25 €/Kg",
        "Categorias_GTM": "Animais, Cão, Comida Seca, ActivPet, As Nossas Marcas",
        "Data_Coleta": "2025-06-01 02:29:50"
    },
    {
        "ID_Produto": "968736",
        "Categoria_Scraping": "animais",
        "Nome": "Comida Seca para Gato Anti Bolas de Pêlo",
        "Marca": "Kitty",
        "Preco": 2.69,
        "Unidade_Info": "0.8 Kg | 3,36 €/Kg",
        "Categorias_GTM": "As Nossas Marcas, Kitty, Animais, Comida Seca, Gato",
        "Data_Coleta": "2025-06-01 02:29:50"
    },
    {
        "ID_Produto": "967818",
        "Categoria_Scraping": "animais",
        "Nome": "Comida Seca para Gato Cocktail de Carne",
        "Marca": "Kitty",
        "Preco": 2.69,
        "Unidade_Info": "2 Kg | 1,35 €/Kg",
        "Categorias_GTM": "As Nossas Marcas, Kitty, Animais, Comida Seca, Gato",
        "Data_Coleta": "2025-06-01 02:29:50"
    },
    {
        "ID_Produto": "966875",
        "Categoria_Scraping": "animais",
        "Nome": "Comida Seca para Gato Cocktail de Peixe",
        "Marca": "Kitty",
        "Preco": 4.89,
        "Unidade_Info": "4 Kg | 1,22 €/Kg",
        "Categorias_GTM": "As Nossas Marcas, Kitty, Animais, Comida Seca, Gato",
        "Data_Coleta": "2025-06-01 02:29:50"
    },
    {
        "ID_Produto": "968614",
        "Categoria_Scraping": "animais",
        "Nome": "Comida Seca para Gato Cocktail de Peixe",
        "Marca": "Kitty",
        "Preco": 2.69,
        "Unidade_Info": "2 Kg | 1,35 €/Kg",
        "Categorias_GTM": "As Nossas Marcas, Kitty, Animais, Comida Seca, Gato",
        "Data_Coleta": "2025-06-01 02:29:50"
    },
    {
        "ID_Produto": "967733",
        "Categoria_Scraping": "animais",
        "Nome": "Comida Seca para Gato Frango e Arroz",
        "Marca": "Kitty",
        "Preco": 1.1,
        "Unidade_Info": "0.4 Kg | 2,75 €/Kg",
        "Categorias_GTM": "As Nossas Marcas, Kitty, Animais, Comida Seca, Gato",
        "Data_Coleta": "2025-06-01 02:29:50"
    },
    {
        "ID_Produto": "968744",
        "Categoria_Scraping": "animais",
        "Nome": "Comida Seca para Gato Grain Free Carne",
        "Marca": "Kitty",
        "Preco": 2.49,
        "Unidade_Info": "0.8 Kg | 3,11 €/Kg",
        "Categorias_GTM": "As Nossas Marcas, Kitty, Animais, Comida Seca, Gato",
        "Data_Coleta": "2025-06-01 02:29:56"
    },
    {
        "ID_Produto": "967819",
        "Categoria_Scraping": "animais",
        "Nome": "Comida Seca para Gato Júnior Frango e Arroz",
        "Marca": "Kitty",
        "Preco": 4.29,
        "Unidade_Info": "2 Kg | 2,15 €/Kg",
        "Categorias_GTM": "Animais, Comida Seca, Gato, As Nossas Marcas, Kitty",
        "Data_Coleta": "2025-06-01 02:29:56"
    },
    {
        "ID_Produto": "968745",
        "Categoria_Scraping": "animais",
        "Nome": "Comida Seca para Gato Salmão e Arroz",
        "Marca": "Kitty",
        "Preco": 2.49,
        "Unidade_Info": "0.8 Kg | 3,11 €/Kg",
        "Categorias_GTM": "As Nossas Marcas, Kitty, Animais, Comida Seca, Gato",
        "Data_Coleta": "2025-06-01 02:29:56"
    },
    {
        "ID_Produto": "698109",
        "Categoria_Scraping": "animais",
        "Nome": "Feno para Roedores",
        "Marca": "Activpet",
        "Preco": 3.99,
        "Unidade_Info": "1 Kg | 3,99 €/Kg",
        "Categorias_GTM": "ActivPet, As Nossas Marcas, Categoria Referência SFCC, Animais, Outros Animais",
        "Data_Coleta": "2025-06-01 02:29:56"
    },
    {
        "ID_Produto": "930224",
        "Categoria_Scraping": "animais",
        "Nome": "Sacos Higiénicos Biodegradáveis",
        "Marca": "Activpet",
        "Preco": 1.19,
        "Unidade_Info": "80 Un | 0,01 €/Un",
        "Categorias_GTM": "Animais, Cão, Higiene e Acessórios, ActivPet, As Nossas Marcas",
        "Data_Coleta": "2025-06-01 02:29:56"
    },
    {
        "ID_Produto": "920273",
        "Categoria_Scraping": "animais",
        "Nome": "Snack para Cão Barritas de Frango",
        "Marca": "Activpet",
        "Preco": 0.74,
        "Unidade_Info": "0.1 Kg | 7,4 €/Kg",
        "Categorias_GTM": "ActivPet, As Nossas Marcas, Animais, Cão, Snacks",
        "Data_Coleta": "2025-06-01 02:29:56"
    },
    {
        "ID_Produto": "761482",
        "Categoria_Scraping": "animais",
        "Nome": "Snack para Cão com Cálcio",
        "Marca": "Activpet",
        "Preco": 1.79,
        "Unidade_Info": "0.08 Kg | 22,38 €/Kg",
        "Categorias_GTM": "Animais, Cão, Snacks, Categoria Referência SFCC, ActivPet",
        "Data_Coleta": "2025-06-01 02:29:56"
    },
    {
        "ID_Produto": "964373",
        "Categoria_Scraping": "animais",
        "Nome": "Snack para Cão Médio, Grande Dental",
        "Marca": "Activpet",
        "Preco": 1.59,
        "Unidade_Info": "0.4 Kg | 3,98 €/Kg",
        "Categorias_GTM": "ActivPet, As Nossas Marcas, Animais, Cão, Snacks",
        "Data_Coleta": "2025-06-01 02:29:56"
    },
    {
        "ID_Produto": "920881",
        "Categoria_Scraping": "animais",
        "Nome": "Snack para Cão Mini-Bones para Raças Pequenas",
        "Marca": "Activpet",
        "Preco": 0.84,
        "Unidade_Info": "0.14 Kg | 6 €/Kg",
        "Categorias_GTM": "ActivPet, As Nossas Marcas, Animais, Cão, Snacks",
        "Data_Coleta": "2025-06-01 02:29:56"
    },
    {
        "ID_Produto": "920882",
        "Categoria_Scraping": "animais",
        "Nome": "Snack para Cão Multivitaminas",
        "Marca": "Activpet",
        "Preco": 1.09,
        "Unidade_Info": "0.14 Kg | 7,79 €/Kg",
        "Categorias_GTM": "ActivPet, As Nossas Marcas, Animais, Cão, Snacks",
        "Data_Coleta": "2025-06-01 02:29:56"
    },
    {
        "ID_Produto": "964372",
        "Categoria_Scraping": "animais",
        "Nome": "Snack para Cão Raças Pequenas Dental",
        "Marca": "Activpet",
        "Preco": 1.59,
        "Unidade_Info": "0.4 Kg | 3,98 €/Kg",
        "Categorias_GTM": "ActivPet, As Nossas Marcas, Animais, Cão, Snacks",
        "Data_Coleta": "2025-06-01 02:29:56"
    },
    {
        "ID_Produto": "857772",
        "Categoria_Scraping": "animais",
        "Nome": "Snack para Cão Tiras de Galinha",
        "Marca": "Activpet",
        "Preco": 1.79,
        "Unidade_Info": "0.1 Kg | 17,9 €/Kg",
        "Categorias_GTM": "ActivPet, As Nossas Marcas, Animais, Cão, Snacks",
        "Data_Coleta": "2025-06-01 02:29:56"
    },
    {
        "ID_Produto": "968582",
        "Categoria_Scraping": "animais",
        "Nome": "Snack para Gato Anti Bolas de Pêlo",
        "Marca": "Kitty",
        "Preco": 0.94,
        "Unidade_Info": "0.06 Kg | 15,67 €/Kg",
        "Categorias_GTM": "As Nossas Marcas, Kitty, Animais, Gato, Snacks",
        "Data_Coleta": "2025-06-01 02:30:02"
    },
    {
        "ID_Produto": "968583",
        "Categoria_Scraping": "animais",
        "Nome": "Snack para Gato Salmão",
        "Marca": "Kitty",
        "Preco": 0.94,
        "Unidade_Info": "0.06 Kg | 15,67 €/Kg",
        "Categorias_GTM": "As Nossas Marcas, Kitty, Animais, Gato, Snacks",
        "Data_Coleta": "2025-06-01 02:30:02"
    },
    {
        "ID_Produto": "967017",
        "Categoria_Scraping": "animais",
        "Nome": "Snack para Gato Stick Mini Frango e Fígado",
        "Marca": "Kitty",
        "Preco": 0.99,
        "Unidade_Info": "0.04 Kg | 24,75 €/Kg",
        "Categorias_GTM": "As Nossas Marcas, Kitty, Gato, Snacks, Animais",
        "Data_Coleta": "2025-06-01 02:30:02"
    },
    {
        "ID_Produto": "967018",
        "Categoria_Scraping": "animais",
        "Nome": "Snack para Gato Stick Mini Salmão e Truta",
        "Marca": "Kitty",
        "Preco": 0.99,
        "Unidade_Info": "0.04 Kg | 24,75 €/Kg",
        "Categorias_GTM": "As Nossas Marcas, Kitty, Animais, Gato, Snacks",
        "Data_Coleta": "2025-06-01 02:30:02"
    },
    {
        "ID_Produto": "485301",
        "Categoria_Scraping": "animais",
        "Nome": "Trinca de Arroz",
        "Marca": "Activpet",
        "Preco": 4.44,
        "Unidade_Info": "5 Kg | 0,89 €/Kg",
        "Categorias_GTM": "Categoria Referência SFCC, Animais, Outros Animais, Roedores, ActivPet",
        "Data_Coleta": "2025-06-01 02:30:02"
    },
    {
        "ID_Produto": "975237",
        "Categoria_Scraping": "animais",
        "Nome": "Absorvente Sílica Gel",
        "Marca": "Love & Pets",
        "Preco": 3.89,
        "Unidade_Info": "N/A",
        "Categorias_GTM": "Animais, Gato, Higiene e Acessórios, Categoria Referência SFCC, Poupe Este Fim De Semana",
        "Data_Coleta": "2025-06-01 02:30:02"
    },
    {
        "ID_Produto": "857968",
        "Categoria_Scraping": "animais",
        "Nome": "Comida Húmida Gato, Carnes",
        "Marca": "Gourmet",
        "Preco": 2.59,
        "Unidade_Info": "0.34 Kg | 7,62 €/Kg",
        "Categorias_GTM": "Animais, Comida Húmida, Gato, Categoria Referência SFCC, Poupe Este Fim De Semana",
        "Data_Coleta": "2025-06-01 02:30:02"
    },
    {
        "ID_Produto": "615768",
        "Categoria_Scraping": "animais",
        "Nome": "Comida Húmida Gato, Pedaços em Molho",
        "Marca": "Gourmet",
        "Preco": 2.59,
        "Unidade_Info": "0.34 Kg | 7,62 €/Kg",
        "Categorias_GTM": "Categoria Referência SFCC, Animais, Gato, Poupe Esta Semana, Promoções",
        "Data_Coleta": "2025-06-01 02:30:02"
    },
    {
        "ID_Produto": "977832",
        "Categoria_Scraping": "animais",
        "Nome": "Comida Húmida para Cão Adulto Carnes",
        "Marca": "Purina Friskies",
        "Preco": 5.24,
        "Unidade_Info": "1.02 Kg | 5,14 €/Kg",
        "Categorias_GTM": "Promoções, Animais, Cão, Comida Húmida, Poupe Esta Semana",
        "Data_Coleta": "2025-06-01 02:30:02"
    },
    {
        "ID_Produto": "963260",
        "Categoria_Scraping": "animais",
        "Nome": "Comida Húmida para Cão Adulto Delicate Salmão",
        "Marca": "Purina One",
        "Preco": 2.24,
        "Unidade_Info": "0.34 Kg | 6,59 €/Kg",
        "Categorias_GTM": "Animais, Cão, Comida Húmida, Categoria Referência SFCC, Poupe Este Fim De Semana",
        "Data_Coleta": "2025-06-01 02:30:02"
    },
    {
        "ID_Produto": "976320",
        "Categoria_Scraping": "animais",
        "Nome": "Comida Húmida para Cão Adulto Presunto",
        "Marca": "Purina One",
        "Preco": 2.24,
        "Unidade_Info": "0.34 Kg | 6,59 €/Kg",
        "Categorias_GTM": "Animais, Cão, Comida Húmida, Categoria Referência SFCC, Poupe Este Fim De Semana",
        "Data_Coleta": "2025-06-01 02:30:02"
    },
    {
        "ID_Produto": "214964",
        "Categoria_Scraping": "animais",
        "Nome": "Comida Húmida para Cão Borrego e Galinha",
        "Marca": "Pedigree",
        "Preco": 2.39,
        "Unidade_Info": "0.3 Kg | 7,97 €/Kg",
        "Categorias_GTM": "Animais, Cão, Comida Húmida, Categoria Referência SFCC, Poupe Esta Semana",
        "Data_Coleta": "2025-06-01 02:30:02"
    },
    {
        "ID_Produto": "818746",
        "Categoria_Scraping": "animais",
        "Nome": "Comida Húmida para Cão com Galinha e Borregog",
        "Marca": "Pedigree",
        "Preco": 2.44,
        "Unidade_Info": "0.4 Kg | 6,1 €/Kg",
        "Categorias_GTM": "Poupe Esta Semana, Promoções, Categoria Referência SFCC, Animais, Cão",
        "Data_Coleta": "2025-06-01 02:30:08"
    },
    {
        "ID_Produto": "818750",
        "Categoria_Scraping": "animais",
        "Nome": "Comida Húmida para Cão com Galinha e Vaca",
        "Marca": "Pedigree",
        "Preco": 2.44,
        "Unidade_Info": "0.4 Kg | 6,1 €/Kg",
        "Categorias_GTM": "Poupe Esta Semana, Animais, Cão, Comida Húmida, Promoções",
        "Data_Coleta": "2025-06-01 02:30:08"
    },
    {
        "ID_Produto": "876333",
        "Categoria_Scraping": "animais",
        "Nome": "Comida Húmida para Cão em Molho Mix",
        "Marca": "Pedigree",
        "Preco": 6.94,
        "Unidade_Info": "1.2 Kg | 5,78 €/Kg",
        "Categorias_GTM": "Animais, Cão, Comida Húmida, Categoria Referência SFCC, Poupe Este Fim De Semana",
        "Data_Coleta": "2025-06-01 02:30:08"
    },
    {
        "ID_Produto": "976784",
        "Categoria_Scraping": "animais",
        "Nome": "Comida Húmida para Cão Frango",
        "Marca": "Internutri",
        "Preco": 0.79,
        "Unidade_Info": "0.3 Kg | 2,63 €/Kg",
        "Categorias_GTM": "Animais, Cão, Comida Húmida, Promoções, Poupe Esta Semana",
        "Data_Coleta": "2025-06-01 02:30:08"
    },
    {
        "ID_Produto": "977825",
        "Categoria_Scraping": "animais",
        "Nome": "Comida Húmida para Cão Frango, Vaca e Borrego",
        "Marca": "Purina Friskies",
        "Preco": 1.94,
        "Unidade_Info": "0.34 Kg | 5,71 €/Kg",
        "Categorias_GTM": "Promoções, Animais, Cão, Comida Húmida, Poupe Esta Semana",
        "Data_Coleta": "2025-06-01 02:30:08"
    },
    {
        "ID_Produto": "976595",
        "Categoria_Scraping": "animais",
        "Nome": "Comida Húmida para Cão Vaca",
        "Marca": "Internutri",
        "Preco": 0.79,
        "Unidade_Info": "0.3 Kg | 2,63 €/Kg",
        "Categorias_GTM": "Animais, Cão, Comida Húmida, Promoções, Poupe Esta Semana",
        "Data_Coleta": "2025-06-01 02:30:08"
    },
    {
        "ID_Produto": "750038",
        "Categoria_Scraping": "animais",
        "Nome": "Comida Húmida para Gatinho Mousse com Vitela",
        "Marca": "Purina Gourmet Gold",
        "Preco": 0.87,
        "Unidade_Info": "0.085 Kg | 10,24 €/Kg",
        "Categorias_GTM": "Animais, Comida Húmida, Gato, Categoria Referência SFCC",
        "Data_Coleta": "2025-06-01 02:30:08"
    },
    {
        "ID_Produto": "955776",
        "Categoria_Scraping": "animais",
        "Nome": "Comida Húmida para Gato Adulto",
        "Marca": "Whiskas",
        "Preco": 8.39,
        "Unidade_Info": "2.04 Kg | 4,11 €/Kg",
        "Categorias_GTM": "Categoria Referência SFCC, Gato, Animais, Comida Húmida, Poupe Este Fim De Semana",
        "Data_Coleta": "2025-06-01 02:30:08"
    },
    {
        "ID_Produto": "955770",
        "Categoria_Scraping": "animais",
        "Nome": "Comida Húmida para Gato Adulto Aves",
        "Marca": "Whiskas",
        "Preco": 2.24,
        "Unidade_Info": "0.34 Kg | 6,59 €/Kg",
        "Categorias_GTM": "Promoções, Categoria Referência SFCC, Poupe Esta Semana, Animais, Comida Húmida",
        "Data_Coleta": "2025-06-01 02:30:08"
    },
    {
        "ID_Produto": "954765",
        "Categoria_Scraping": "animais",
        "Nome": "Comida Húmida para Gato Adulto Deliciously Sliced Seleção de Peixes",
        "Marca": "Purina Felix",
        "Preco": 2.24,
        "Unidade_Info": "0.32 Kg | 7 €/Kg",
        "Categorias_GTM": "Categoria Referência SFCC, Animais, Comida Húmida, Gato, Poupe Este Fim De Semana",
        "Data_Coleta": "2025-06-01 02:30:08"
    },
    {
        "ID_Produto": "955772",
        "Categoria_Scraping": "animais",
        "Nome": "Comida Húmida para Gato Adulto Delight Peixe",
        "Marca": "Whiskas",
        "Preco": 2.24,
        "Unidade_Info": "0.34 Kg | 6,59 €/Kg",
        "Categorias_GTM": "Categoria Referência SFCC, Poupe Esta Semana, Promoções, Animais, Comida Húmida",
        "Data_Coleta": "2025-06-01 02:30:08"
    },
    {
        "ID_Produto": "869567",
        "Categoria_Scraping": "animais",
        "Nome": "Comida Húmida para Gato Adulto Frango e Vaca",
        "Marca": "Purina One",
        "Preco": 2.59,
        "Unidade_Info": "0.34 Kg | 7,62 €/Kg",
        "Categorias_GTM": "Animais, Comida Húmida, Gato, Promoções, Poupe Esta Semana",
        "Data_Coleta": "2025-06-01 02:30:08"
    },
    {
        "ID_Produto": "646348",
        "Categoria_Scraping": "animais",
        "Nome": "Comida Húmida para Gato A la Carte Peixe",
        "Marca": "Purina Gourmet Gold",
        "Preco": 3.49,
        "Unidade_Info": "0.34 Kg | 10,26 €/Kg",
        "Categorias_GTM": "Categoria Referência SFCC, Animais, Comida Húmida, Gato",
        "Data_Coleta": "2025-06-01 02:30:14"
    },
    {
        "ID_Produto": "968478",
        "Categoria_Scraping": "animais",
        "Nome": "Comida Húmida para Gato Atum e Gambas",
        "Marca": "Purina Gourmet Gold",
        "Preco": 1.59,
        "Unidade_Info": "0.07 Kg | 22,71 €/Kg",
        "Categorias_GTM": "Animais, Comida Húmida, Gato, Categoria Referência SFCC",
        "Data_Coleta": "2025-06-01 02:30:14"
    },
    {
        "ID_Produto": "939562",
        "Categoria_Scraping": "animais",
        "Nome": "Comida Húmida para Gato Carne Sensations",
        "Marca": "Purina Felix",
        "Preco": 7.99,
        "Unidade_Info": "1.02 Kg | 7,83 €/Kg",
        "Categorias_GTM": "Categoria Referência SFCC, Animais, Comida Húmida, Gato",
        "Data_Coleta": "2025-06-01 02:30:14"
    },
    {
        "ID_Produto": "861918",
        "Categoria_Scraping": "animais",
        "Nome": "Comida Húmida para Gato com Frango",
        "Marca": "Purina Gourmet Gold",
        "Preco": 0.87,
        "Unidade_Info": "0.085 Kg | 10,24 €/Kg",
        "Categorias_GTM": "Animais, Comida Húmida, Gato, Categoria Referência SFCC",
        "Data_Coleta": "2025-06-01 02:30:14"
    },
    {
        "ID_Produto": "819731",
        "Categoria_Scraping": "animais",
        "Nome": "Comida Húmida para Gato com Frango e Cenouras",
        "Marca": "Purina Gourmet Gold",
        "Preco": 0.87,
        "Unidade_Info": "0.085 Kg | 10,24 €/Kg",
        "Categorias_GTM": "Categoria Referência SFCC, Animais, Comida Húmida, Gato",
        "Data_Coleta": "2025-06-01 02:30:14"
    },
    {
        "ID_Produto": "902476",
        "Categoria_Scraping": "animais",
        "Nome": "Comida Húmida para Gato com Peixe Gourmet Nature's Creations 85 g",
        "Marca": "Purina Gourmet Gold",
        "Preco": 0.99,
        "Unidade_Info": "0.085 Kg | 11,65 €/Kg",
        "Categorias_GTM": "N/A",
        "Data_Coleta": "2025-06-01 02:30:14"
    },
    {
        "ID_Produto": "902475",
        "Categoria_Scraping": "animais",
        "Nome": "Comida Húmida para Gato com Vaca Nature's Creations 85 g",
        "Marca": "Purina Gourmet Gold",
        "Preco": 0.99,
        "Unidade_Info": "0.085 Kg | 11,65 €/Kg",
        "Categorias_GTM": "N/A",
        "Data_Coleta": "2025-06-01 02:30:14"
    },
    {
        "ID_Produto": "940234",
        "Categoria_Scraping": "animais",
        "Nome": "Comida Húmida para Gato Fantastic Carnes",
        "Marca": "Purina Felix",
        "Preco": 15.19,
        "Unidade_Info": "2.04 Kg | 7,45 €/Kg",
        "Categorias_GTM": "Categoria Referência SFCC, Animais, Comida Húmida, Gato",
        "Data_Coleta": "2025-06-01 02:30:14"
    },
    {
        "ID_Produto": "954766",
        "Categoria_Scraping": "animais",
        "Nome": "Comida Húmida para Gato Gourmet Frango",
        "Marca": "Purina Gourmet Gold",
        "Preco": 0.87,
        "Unidade_Info": "0.085 Kg | 10,24 €/Kg",
        "Categorias_GTM": "Categoria Referência SFCC, Animais, Comida Húmida, Gato",
        "Data_Coleta": "2025-06-01 02:30:14"
    },
    {
        "ID_Produto": "954763",
        "Categoria_Scraping": "animais",
        "Nome": "Comida Húmida para Gato Gourmet Peixe",
        "Marca": "Purina Gourmet Gold",
        "Preco": 0.87,
        "Unidade_Info": "0.085 Kg | 10,24 €/Kg",
        "Categorias_GTM": "Categoria Referência SFCC, Animais, Comida Húmida, Gato",
        "Data_Coleta": "2025-06-01 02:30:14"
    },
    {
        "ID_Produto": "955773",
        "Categoria_Scraping": "animais",
        "Nome": "Comida Húmida para Gato Júnior Carne",
        "Marca": "Whiskas",
        "Preco": 2.39,
        "Unidade_Info": "0.34 Kg | 7,03 €/Kg",
        "Categorias_GTM": "Promoções, Categoria Referência SFCC, Poupe Esta Semana, Animais, Comida Húmida",
        "Data_Coleta": "2025-06-01 02:30:14"
    },
    {
        "ID_Produto": "905644",
        "Categoria_Scraping": "animais",
        "Nome": "Comida Húmida para Gato Júnior com Salmão",
        "Marca": "Purina One",
        "Preco": 2.59,
        "Unidade_Info": "0.34 Kg | 7,62 €/Kg",
        "Categorias_GTM": "Animais, Comida Húmida, Gato, Poupe Esta Semana, Promoções",
        "Data_Coleta": "2025-06-01 02:30:14"
    },
    {
        "ID_Produto": "939101",
        "Categoria_Scraping": "animais",
        "Nome": "Comida Húmida para Gato Júnior Fantastic",
        "Marca": "Purina Felix",
        "Preco": 2.24,
        "Unidade_Info": "0.34 Kg | 6,59 €/Kg",
        "Categorias_GTM": "Promoções, Categoria Referência SFCC, Animais, Comida Húmida, Gato",
        "Data_Coleta": "2025-06-01 02:30:20"
    },
    {
        "ID_Produto": "955771",
        "Categoria_Scraping": "animais",
        "Nome": "Comida Húmida para Gato Júnior Whiskas Carne",
        "Marca": "Whiskas",
        "Preco": 2.24,
        "Unidade_Info": "0.34 Kg | 6,59 €/Kg",
        "Categorias_GTM": "Categoria Referência SFCC, Poupe Esta Semana, Promoções, Animais, Comida Húmida",
        "Data_Coleta": "2025-06-01 02:30:20"
    },
    {
        "ID_Produto": "940204",
        "Categoria_Scraping": "animais",
        "Nome": "Comida Húmida para Gato Legumes Fantastic",
        "Marca": "Purina Felix",
        "Preco": 2.24,
        "Unidade_Info": "0.34 Kg | 6,59 €/Kg",
        "Categorias_GTM": "Promoções, Categoria Referência SFCC, Animais, Comida Húmida, Gato",
        "Data_Coleta": "2025-06-01 02:30:20"
    },
    {
        "ID_Produto": "824526",
        "Categoria_Scraping": "animais",
        "Nome": "Comida Húmida para Gato Mix Vaca, Peixe, Peru e Fígado",
        "Marca": "Purina Gourmet Gold",
        "Preco": 6.65,
        "Unidade_Info": "0.68 Kg | 9,78 €/Kg",
        "Categorias_GTM": "Categoria Referência SFCC, Animais, Comida Húmida, Gato",
        "Data_Coleta": "2025-06-01 02:30:20"
    },
    {
        "ID_Produto": "22410",
        "Categoria_Scraping": "animais",
        "Nome": "Comida Húmida para Gato Molho com Salmão e Frango",
        "Marca": "Purina Gourmet Gold",
        "Preco": 0.87,
        "Unidade_Info": "0.085 Kg | 10,24 €/Kg",
        "Categorias_GTM": "Animais, Comida Húmida, Gato, Categoria Referência SFCC",
        "Data_Coleta": "2025-06-01 02:30:20"
    },
    {
        "ID_Produto": "921584",
        "Categoria_Scraping": "animais",
        "Nome": "Comida Húmida para Gato Mousse de Carnes",
        "Marca": "Purina Gourmet Gold",
        "Preco": 11.99,
        "Unidade_Info": "2.04 Kg | 5,88 €/Kg",
        "Categorias_GTM": "Animais, Comida Húmida, Gato, Categoria Referência SFCC, Poupe Esta Semana",
        "Data_Coleta": "2025-06-01 02:30:20"
    },
    {
        "ID_Produto": "926627",
        "Categoria_Scraping": "animais",
        "Nome": "Comida Húmida para Gato Mousse de Frango Gourmet Revelations 4x57 g",
        "Marca": "Purina Gourmet Gold",
        "Preco": 2.59,
        "Unidade_Info": "0.228 Kg | 11,36 €/Kg",
        "Categorias_GTM": "Promoções, Animais, Comida Húmida, Gato, Poupe Esta Semana",
        "Data_Coleta": "2025-06-01 02:30:20"
    },
    {
        "ID_Produto": "940231",
        "Categoria_Scraping": "animais",
        "Nome": "Comida Húmida para Gato Original Carne",
        "Marca": "Purina Felix",
        "Preco": 2.24,
        "Unidade_Info": "0.34 Kg | 6,59 €/Kg",
        "Categorias_GTM": "Promoções, Categoria Referência SFCC, Animais, Comida Húmida, Gato",
        "Data_Coleta": "2025-06-01 02:30:20"
    },
    {
        "ID_Produto": "580914",
        "Categoria_Scraping": "animais",
        "Nome": "Comida Húmida para Gato Peixe e Molho de Espinafres Gold",
        "Marca": "Purina Gourmet Gold",
        "Preco": 0.87,
        "Unidade_Info": "0.085 Kg | 10,24 €/Kg",
        "Categorias_GTM": "Categoria Referência SFCC, Animais, Comida Húmida, Gato",
        "Data_Coleta": "2025-06-01 02:30:20"
    },
    {
        "ID_Produto": "940218",
        "Categoria_Scraping": "animais",
        "Nome": "Comida Húmida para Gato Peixe Fantastic",
        "Marca": "Purina Felix",
        "Preco": 2.24,
        "Unidade_Info": "0.34 Kg | 6,59 €/Kg",
        "Categorias_GTM": "Categoria Referência SFCC, Animais, Comida Húmida, Gato, Poupe Esta Semana",
        "Data_Coleta": "2025-06-01 02:30:20"
    },
    {
        "ID_Produto": "955774",
        "Categoria_Scraping": "animais",
        "Nome": "Comida Húmida para Gato Pure Delight Aves",
        "Marca": "Whiskas",
        "Preco": 2.39,
        "Unidade_Info": "0.34 Kg | 7,03 €/Kg",
        "Categorias_GTM": "Categoria Referência SFCC, Animais, Comida Húmida, Gato, Poupe Este Fim De Semana",
        "Data_Coleta": "2025-06-01 02:30:20"
    },
    {
        "ID_Produto": "57625",
        "Categoria_Scraping": "animais",
        "Nome": "Comida Húmida para Gato sabor Coelho  Gold",
        "Marca": "Purina Gourmet Gold",
        "Preco": 0.87,
        "Unidade_Info": "0.085 Kg | 10,24 €/Kg",
        "Categorias_GTM": "Categoria Referência SFCC, Animais, Comida Húmida, Gato",
        "Data_Coleta": "2025-06-01 02:30:20"
    },
    {
        "ID_Produto": "976594",
        "Categoria_Scraping": "animais",
        "Nome": "Comida Húmida para Gato Salmão",
        "Marca": "Internutri",
        "Preco": 0.54,
        "Unidade_Info": "0.1 Kg | 5,4 €/Kg",
        "Categorias_GTM": "Animais, Comida Húmida, Gato, Promoções, Poupe Esta Semana",
        "Data_Coleta": "2025-06-01 02:30:26"
    },
    {
        "ID_Produto": "932883",
        "Categoria_Scraping": "animais",
        "Nome": "Comida Húmida para Gato Tasty Shreds Seleção Peixe Felix",
        "Marca": "Purina Felix",
        "Preco": 5.99,
        "Unidade_Info": "0.96 Kg | 6,24 €/Kg",
        "Categorias_GTM": "Animais, Comida Húmida, Gato, Categoria Referência SFCC, Poupe Esta Semana",
        "Data_Coleta": "2025-06-01 02:30:26"
    },
    {
        "ID_Produto": "932882",
        "Categoria_Scraping": "animais",
        "Nome": "Comida Húmida para Gato Tasty Shreds Vaca e Frango",
        "Marca": "Purina Felix",
        "Preco": 2.24,
        "Unidade_Info": "0.32 Kg | 7 €/Kg",
        "Categorias_GTM": "Animais, Comida Húmida, Gato, Categoria Referência SFCC, Poupe Este Fim De Semana",
        "Data_Coleta": "2025-06-01 02:30:26"
    },
    {
        "ID_Produto": "955767",
        "Categoria_Scraping": "animais",
        "Nome": "Comida Húmida para Gato Whiskas Tasty Mix",
        "Marca": "Whiskas",
        "Preco": 2.39,
        "Unidade_Info": "0.34 Kg | 7,03 €/Kg",
        "Categorias_GTM": "Categoria Referência SFCC, Animais, Comida Húmida, Gato, Poupe Este Fim De Semana",
        "Data_Coleta": "2025-06-01 02:30:26"
    },
    {
        "ID_Produto": "955355",
        "Categoria_Scraping": "animais",
        "Nome": "Comida para Gato Júnior Frango",
        "Marca": "Purina One",
        "Preco": 15.59,
        "Unidade_Info": "2.8 Kg | 5,57 €/Kg",
        "Categorias_GTM": "Categoria Referência SFCC, Animais, Comida Seca, Gato, Poupe Este Fim De Semana",
        "Data_Coleta": "2025-06-01 02:30:26"
    },
    {
        "ID_Produto": "929689",
        "Categoria_Scraping": "animais",
        "Nome": "Comida Seca Active Vaca",
        "Marca": "Friskies",
        "Preco": 24.59,
        "Unidade_Info": "14 Kg | 1,76 €/Kg",
        "Categorias_GTM": "Animais, Cão, Comida Seca, Poupe Esta Semana, Promoções",
        "Data_Coleta": "2025-06-01 02:30:26"
    },
    {
        "ID_Produto": "929691",
        "Categoria_Scraping": "animais",
        "Nome": "Comida Seca Balance Frango e Legumes",
        "Marca": "Friskies",
        "Preco": 24.59,
        "Unidade_Info": "14 Kg | 1,76 €/Kg",
        "Categorias_GTM": "Animais, Cão, Comida Seca, Categoria Referência SFCC, Poupe Este Fim De Semana",
        "Data_Coleta": "2025-06-01 02:30:26"
    },
    {
        "ID_Produto": "857964",
        "Categoria_Scraping": "animais",
        "Nome": "Comida Seca Cão Adulto Vaca",
        "Marca": "Purina One",
        "Preco": 11.59,
        "Unidade_Info": "2.5 Kg | 4,64 €/Kg",
        "Categorias_GTM": "Poupe Esta Semana, Animais, Cão, Comida Seca, Promoções",
        "Data_Coleta": "2025-06-01 02:30:26"
    },
    {
        "ID_Produto": "950522",
        "Categoria_Scraping": "animais",
        "Nome": "Comida Seca Cão Sénior Frango",
        "Marca": "Purina One",
        "Preco": 4.79,
        "Unidade_Info": "0.8 Kg | 5,99 €/Kg",
        "Categorias_GTM": "Animais, Cão, Comida Seca, Promoções, Categoria Referência SFCC",
        "Data_Coleta": "2025-06-01 02:30:26"
    },
    {
        "ID_Produto": "764825",
        "Categoria_Scraping": "animais",
        "Nome": "Comida Seca para Cão",
        "Marca": "Mundus Dog",
        "Preco": 14.59,
        "Unidade_Info": "20 Kg | 0,73 €/Kg",
        "Categorias_GTM": "Poupe Esta Semana, Promoções, Animais, Cão, Comida Seca",
        "Data_Coleta": "2025-06-01 02:30:26"
    },
    {
        "ID_Produto": "552183",
        "Categoria_Scraping": "animais",
        "Nome": "Comida Seca para Cão Júnior",
        "Marca": "Purina Friskies",
        "Preco": 9.74,
        "Unidade_Info": "3 Kg | 3,25 €/Kg",
        "Categorias_GTM": "Poupe Esta Semana, Promoções, Categoria Referência SFCC, Cão, Comida Seca",
        "Data_Coleta": "2025-06-01 02:30:26"
    },
    {
        "ID_Produto": "861920",
        "Categoria_Scraping": "animais",
        "Nome": "Comida Seca para Cão Mini Active Frango",
        "Marca": "Purina One",
        "Preco": 11.99,
        "Unidade_Info": "3 Kg | 4 €/Kg",
        "Categorias_GTM": "Categoria Referência SFCC, Animais, Cão, Comida Seca, Poupe Este Fim De Semana",
        "Data_Coleta": "2025-06-01 02:30:26"
    },
    {
        "ID_Produto": "752841",
        "Categoria_Scraping": "animais",
        "Nome": "Comida Seca para Cão Mini Active Frango e Arroz",
        "Marca": "Purina One",
        "Preco": 7.49,
        "Unidade_Info": "1.5 Kg | 4,99 €/Kg",
        "Categorias_GTM": "Categoria Referência SFCC, Animais, Cão, Comida Seca, Poupe Este Fim De Semana",
        "Data_Coleta": "2025-06-01 02:30:33"
    },
    {
        "ID_Produto": "862745",
        "Categoria_Scraping": "animais",
        "Nome": "Comida Seca para Cão Mini Galinha e Vegetais",
        "Marca": "Pedigree",
        "Preco": 5.24,
        "Unidade_Info": "1.4 Kg | 3,74 €/Kg",
        "Categorias_GTM": "Categoria Referência SFCC, Animais, Cão, Comida Seca, Poupe Este Fim De Semana",
        "Data_Coleta": "2025-06-01 02:30:33"
    },
    {
        "ID_Produto": "928588",
        "Categoria_Scraping": "animais",
        "Nome": "Comida Seca para Cão Raças Pequenas",
        "Marca": "Happyone",
        "Preco": 4.54,
        "Unidade_Info": "2 Kg | 2,27 €/Kg",
        "Categorias_GTM": "Promoções, Animais, Cão, Comida Seca, Poupe Esta Semana",
        "Data_Coleta": "2025-06-01 02:30:33"
    },
    {
        "ID_Produto": "700049",
        "Categoria_Scraping": "animais",
        "Nome": "Comida Seca para Gato Adulto Esterilizado Rica em Salmão",
        "Marca": "Purina One",
        "Preco": 5.59,
        "Unidade_Info": "0.8 Kg | 6,99 €/Kg",
        "Categorias_GTM": "Categoria Referência SFCC, Gato, Animais, Comida Seca, Poupe Esta Semana",
        "Data_Coleta": "2025-06-01 02:30:33"
    },
    {
        "ID_Produto": "639202",
        "Categoria_Scraping": "animais",
        "Nome": "Comida Seca para Gato Esterelizado",
        "Marca": "Purina One",
        "Preco": 5.59,
        "Unidade_Info": "0.8 Kg | 6,99 €/Kg",
        "Categorias_GTM": "Animais, Comida Seca, Gato, Categoria Referência SFCC, Poupe Esta Semana",
        "Data_Coleta": "2025-06-01 02:30:33"
    },
    {
        "ID_Produto": "955351",
        "Categoria_Scraping": "animais",
        "Nome": "Comida Seca para Gato Esterilizado Frango",
        "Marca": "Purina One",
        "Preco": 15.59,
        "Unidade_Info": "2.8 Kg | 5,57 €/Kg",
        "Categorias_GTM": "Categoria Referência SFCC, Gato, Animais, Comida Seca, Poupe Esta Semana",
        "Data_Coleta": "2025-06-01 02:30:33"
    },
    {
        "ID_Produto": "689696",
        "Categoria_Scraping": "animais",
        "Nome": "Comida Seca para Gato Esterilizado Salmão",
        "Marca": "Purina Friskies",
        "Preco": 7.85,
        "Unidade_Info": "1.5 Kg | 5,23 €/Kg",
        "Categorias_GTM": "Categoria Referência SFCC, Animais, Comida Seca, Gato",
        "Data_Coleta": "2025-06-01 02:30:33"
    },
    {
        "ID_Produto": "961333",
        "Categoria_Scraping": "animais",
        "Nome": "Comida Seca para Gato Esterilizado Tasty",
        "Marca": "Internutri",
        "Preco": 6.94,
        "Unidade_Info": "3 Kg | 2,31 €/Kg",
        "Categorias_GTM": "Promoções, Animais, Gato, Comida Seca, Poupe Esta Semana",
        "Data_Coleta": "2025-06-01 02:30:33"
    },
    {
        "ID_Produto": "567371",
        "Categoria_Scraping": "animais",
        "Nome": "Comida Seca para Gato Sabor Coelho",
        "Marca": "Purina Friskies",
        "Preco": 10.79,
        "Unidade_Info": "4 Kg | 2,7 €/Kg",
        "Categorias_GTM": "Categoria Referência SFCC, Animais, Comida Seca, Gato, Poupe Este Fim De Semana",
        "Data_Coleta": "2025-06-01 02:30:33"
    },
    {
        "ID_Produto": "968423",
        "Categoria_Scraping": "animais",
        "Nome": "Mordedor Osso para Cão 16cm",
        "Marca": "Love & Pets",
        "Preco": 2.24,
        "Unidade_Info": "N/A",
        "Categorias_GTM": "Animais, Cão, Higiene e Acessórios, Categoria Referência SFCC, Poupe Esta Semana",
        "Data_Coleta": "2025-06-01 02:30:33"
    },
    {
        "ID_Produto": "972045",
        "Categoria_Scraping": "animais",
        "Nome": "Osso Dental para Cão Presunto",
        "Marca": "Bribon",
        "Preco": 3.09,
        "Unidade_Info": "N/A",
        "Categorias_GTM": "Animais, Cão, Snacks, Categoria Referência SFCC",
        "Data_Coleta": "2025-06-01 02:30:33"
    },
    {
        "ID_Produto": "940232",
        "Categoria_Scraping": "animais",
        "Nome": "Ração Húmida Gato Sabor Peixe Original",
        "Marca": "Purina Felix",
        "Preco": 2.24,
        "Unidade_Info": "0.34 Kg | 6,59 €/Kg",
        "Categorias_GTM": "Categoria Referência SFCC, Animais, Comida Húmida, Gato, Poupe Esta Semana",
        "Data_Coleta": "2025-06-01 02:30:33"
    },
    {
        "ID_Produto": "558179",
        "Categoria_Scraping": "animais",
        "Nome": "Ração Húmida para Gato com Vaca e Frango Gold",
        "Marca": "Purina Gourmet Gold",
        "Preco": 0.87,
        "Unidade_Info": "0.085 Kg | 10,24 €/Kg",
        "Categorias_GTM": "Categoria Referência SFCC, Animais, Comida Húmida, Gato",
        "Data_Coleta": "2025-06-01 02:30:39"
    },
    {
        "ID_Produto": "930299",
        "Categoria_Scraping": "animais",
        "Nome": "Ração Seca para Cão Adulto",
        "Marca": "Internutri",
        "Preco": 4.99,
        "Unidade_Info": "4 Kg | 1,25 €/Kg",
        "Categorias_GTM": "Poupe Esta Semana, Animais, Cão, Comida Seca, Promoções",
        "Data_Coleta": "2025-06-01 02:30:39"
    },
    {
        "ID_Produto": "102723",
        "Categoria_Scraping": "animais",
        "Nome": "Ração Seca para Cão Adulto com Frango",
        "Marca": "Purina Friskies",
        "Preco": 9.94,
        "Unidade_Info": "4 Kg | 2,49 €/Kg",
        "Categorias_GTM": "Animais, Cão, Comida Seca, Categoria Referência SFCC, Poupe Este Fim De Semana",
        "Data_Coleta": "2025-06-01 02:30:39"
    },
    {
        "ID_Produto": "857963",
        "Categoria_Scraping": "animais",
        "Nome": "Ração Seca para Cão Adulto com Frango",
        "Marca": "Purina One",
        "Preco": 11.59,
        "Unidade_Info": "2.5 Kg | 4,64 €/Kg",
        "Categorias_GTM": "Promoções, Poupe Esta Semana, Animais, Cão, Comida Seca",
        "Data_Coleta": "2025-06-01 02:30:39"
    },
    {
        "ID_Produto": "704502",
        "Categoria_Scraping": "animais",
        "Nome": "Ração Seca para Cão Adulto Mini Menu Frango",
        "Marca": "Purina Friskies",
        "Preco": 5.24,
        "Unidade_Info": "1.5 Kg | 3,49 €/Kg",
        "Categorias_GTM": "Poupe Esta Semana, Promoções, Categoria Referência SFCC, Animais, Cão",
        "Data_Coleta": "2025-06-01 02:30:39"
    },
    {
        "ID_Produto": "704528",
        "Categoria_Scraping": "animais",
        "Nome": "Ração Seca para Cão Adulto Mini Menu NutriSoft Vaca",
        "Marca": "Purina Friskies",
        "Preco": 5.24,
        "Unidade_Info": "1.5 Kg | 3,49 €/Kg",
        "Categorias_GTM": "Poupe Esta Semana, Promoções, Categoria Referência SFCC, Animais, Cão",
        "Data_Coleta": "2025-06-01 02:30:39"
    },
    {
        "ID_Produto": "750129",
        "Categoria_Scraping": "animais",
        "Nome": "Ração Seca para Cão Adulto Pequeno com Vaca NutriSoft",
        "Marca": "Purina Friskies",
        "Preco": 5.59,
        "Unidade_Info": "1.4 Kg | 3,99 €/Kg",
        "Categorias_GTM": "Promoções, Poupe Esta Semana, Categoria Referência SFCC, Animais, Cão",
        "Data_Coleta": "2025-06-01 02:30:39"
    },
    {
        "ID_Produto": "731491",
        "Categoria_Scraping": "animais",
        "Nome": "Ração Seca para Cão Adulto Pequeno Rica em Vaca",
        "Marca": "Purina One",
        "Preco": 7.49,
        "Unidade_Info": "1.5 Kg | 4,99 €/Kg",
        "Categorias_GTM": "Categoria Referência SFCC, Animais, Cão, Comida Seca, Poupe Esta Semana",
        "Data_Coleta": "2025-06-01 02:30:39"
    },
    {
        "ID_Produto": "929666",
        "Categoria_Scraping": "animais",
        "Nome": "Ração Seca para Cão Balance",
        "Marca": "Purina Friskies",
        "Preco": 26.99,
        "Unidade_Info": "9 Kg | 3 €/Kg",
        "Categorias_GTM": "Comida Seca, Cão, Animais, Categoria Referência SFCC",
        "Data_Coleta": "2025-06-01 02:30:39"
    },
    {
        "ID_Produto": "923829",
        "Categoria_Scraping": "animais",
        "Nome": "Ração Seca para Cão Mini Delícia de Salmão",
        "Marca": "Purina One",
        "Preco": 7.49,
        "Unidade_Info": "1.5 Kg | 4,99 €/Kg",
        "Categorias_GTM": "Animais, Cão, Comida Seca, Categoria Referência SFCC, Poupe Este Fim De Semana",
        "Data_Coleta": "2025-06-01 02:30:39"
    },
    {
        "ID_Produto": "895386",
        "Categoria_Scraping": "animais",
        "Nome": "Ração Seca para Cão Mini Júnior",
        "Marca": "Purina One",
        "Preco": 7.49,
        "Unidade_Info": "1.5 Kg | 4,99 €/Kg",
        "Categorias_GTM": "Animais, Cão, Comida Seca, Categoria Referência SFCC, Poupe Este Fim De Semana",
        "Data_Coleta": "2025-06-01 02:30:39"
    },
    {
        "ID_Produto": "869575",
        "Categoria_Scraping": "animais",
        "Nome": "Ração Seca para Cão Mini Yorkshire",
        "Marca": "Affinity Ultima",
        "Preco": 7.44,
        "Unidade_Info": "1.5 Kg | 4,96 €/Kg",
        "Categorias_GTM": "Animais, Cão, Comida Seca, Poupe Esta Semana, Promoções",
        "Data_Coleta": "2025-06-01 02:30:39"
    },
    {
        "ID_Produto": "639201",
        "Categoria_Scraping": "animais",
        "Nome": "Ração Seca para Gatinho Rica em Frango",
        "Marca": "Purina One",
        "Preco": 5.59,
        "Unidade_Info": "0.8 Kg | 6,99 €/Kg",
        "Categorias_GTM": "Categoria Referência SFCC, Animais, Comida Seca, Gato, Poupe Esta Semana",
        "Data_Coleta": "2025-06-01 02:30:46"
    },
    {
        "ID_Produto": "13590",
        "Categoria_Scraping": "animais",
        "Nome": "Ração Seca para Gato Adulto com Atum e Legumes",
        "Marca": "Purina Friskies",
        "Preco": 8.99,
        "Unidade_Info": "2 Kg | 4,5 €/Kg",
        "Categorias_GTM": "Animais, Comida Seca, Gato, Categoria Referência SFCC",
        "Data_Coleta": "2025-06-01 02:30:46"
    },
    {
        "ID_Produto": "102706",
        "Categoria_Scraping": "animais",
        "Nome": "Ração Seca para Gato Adulto com Coelho, Frango e Legumes",
        "Marca": "Purina Friskies",
        "Preco": 8.99,
        "Unidade_Info": "2 Kg | 4,5 €/Kg",
        "Categorias_GTM": "Animais, Comida Seca, Gato, Categoria Referência SFCC",
        "Data_Coleta": "2025-06-01 02:30:46"
    },
    {
        "ID_Produto": "54151",
        "Categoria_Scraping": "animais",
        "Nome": "Ração Seca para Gato Adulto com Coelho, Frango e Legumes Purina",
        "Marca": "Purina Friskies",
        "Preco": 2.49,
        "Unidade_Info": "0.4 Kg | 6,23 €/Kg",
        "Categorias_GTM": "Categoria Referência SFCC, Animais, Comida Seca, Gato",
        "Data_Coleta": "2025-06-01 02:30:46"
    },
    {
        "ID_Produto": "686604",
        "Categoria_Scraping": "animais",
        "Nome": "Ração Seca para Gato Adulto de Interior com Frango",
        "Marca": "Purina Friskies",
        "Preco": 7.85,
        "Unidade_Info": "1.5 Kg | 5,23 €/Kg",
        "Categorias_GTM": "Categoria Referência SFCC, Animais, Comida Seca, Gato",
        "Data_Coleta": "2025-06-01 02:30:46"
    },
    {
        "ID_Produto": "414238",
        "Categoria_Scraping": "animais",
        "Nome": "Ração Seca para Gato Adulto Sabor a Frango e Arroz",
        "Marca": "Purina One",
        "Preco": 13.29,
        "Unidade_Info": "1.5 Kg | 8,86 €/Kg",
        "Categorias_GTM": "Animais, Comida Seca, Gato, Categoria Referência SFCC",
        "Data_Coleta": "2025-06-01 02:30:46"
    },
    {
        "ID_Produto": "769938",
        "Categoria_Scraping": "animais",
        "Nome": "Ração Seca para Gato Esterilizado Bolas de Pelo",
        "Marca": "Purina One",
        "Preco": 5.59,
        "Unidade_Info": "0.8 Kg | 6,99 €/Kg",
        "Categorias_GTM": "Animais, Comida Seca, Gato, Categoria Referência SFCC, Poupe Esta Semana",
        "Data_Coleta": "2025-06-01 02:30:46"
    },
    {
        "ID_Produto": "861157",
        "Categoria_Scraping": "animais",
        "Nome": "Ração Seca para Gato Esterilizado com Frango",
        "Marca": "Affinity Brekkies",
        "Preco": 12.74,
        "Unidade_Info": "3 Kg | 4,25 €/Kg",
        "Categorias_GTM": "Categoria Referência SFCC, Promoções, Animais, Comida Seca, Gato",
        "Data_Coleta": "2025-06-01 02:30:46"
    },
    {
        "ID_Produto": "839266",
        "Categoria_Scraping": "animais",
        "Nome": "Ração Seca para Gato Esterilizado com Peru",
        "Marca": "Purina Friskies",
        "Preco": 7.85,
        "Unidade_Info": "1.5 Kg | 5,23 €/Kg",
        "Categorias_GTM": "Categoria Referência SFCC, Comida Seca, Gato, Animais",
        "Data_Coleta": "2025-06-01 02:30:46"
    },
    {
        "ID_Produto": "939565",
        "Categoria_Scraping": "animais",
        "Nome": "Ração Seca para Gato Esterilizado com Truta",
        "Marca": "Purina One",
        "Preco": 13.29,
        "Unidade_Info": "1.5 Kg | 8,86 €/Kg",
        "Categorias_GTM": "Categoria Referência SFCC, Animais, Comida Seca, Gato",
        "Data_Coleta": "2025-06-01 02:30:46"
    },
    {
        "ID_Produto": "39027",
        "Categoria_Scraping": "animais",
        "Nome": "Ração Seca para Gato Frango",
        "Marca": "Purina Friskies",
        "Preco": 8.99,
        "Unidade_Info": "2 Kg | 4,5 €/Kg",
        "Categorias_GTM": "Animais, Comida Seca, Gato, Categoria Referência SFCC",
        "Data_Coleta": "2025-06-01 02:30:46"
    },
    {
        "ID_Produto": "683911",
        "Categoria_Scraping": "animais",
        "Nome": "Ração Seca para Gato Júnior com Frango",
        "Marca": "Purina Friskies",
        "Preco": 7.85,
        "Unidade_Info": "1.5 Kg | 5,23 €/Kg",
        "Categorias_GTM": "Categoria Referência SFCC, Animais, Comida Seca, Gato",
        "Data_Coleta": "2025-06-01 02:30:46"
    },
    {
        "ID_Produto": "728363",
        "Categoria_Scraping": "animais",
        "Nome": "Ração Seca para Gato Pele e Pelo Sensível Frango",
        "Marca": "Purina One",
        "Preco": 5.59,
        "Unidade_Info": "0.8 Kg | 6,99 €/Kg",
        "Categorias_GTM": "Categoria Referência SFCC, Animais, Gato, Comida Seca, Poupe Este Fim De Semana",
        "Data_Coleta": "2025-06-01 02:30:53"
    },
    {
        "ID_Produto": "926046",
        "Categoria_Scraping": "animais",
        "Nome": "Ração Seca para Gato Vaca",
        "Marca": "Affinity Brekkies",
        "Preco": 12.34,
        "Unidade_Info": "3.5 Kg | 3,53 €/Kg",
        "Categorias_GTM": "Animais, Comida Seca, Gato, Poupe Esta Semana, Promoções",
        "Data_Coleta": "2025-06-01 02:30:53"
    },
    {
        "ID_Produto": "205323",
        "Categoria_Scraping": "animais",
        "Nome": "Ração Seca para Gato Vaca e Legumes",
        "Marca": "Purina Friskies",
        "Preco": 10.79,
        "Unidade_Info": "4 Kg | 2,7 €/Kg",
        "Categorias_GTM": "Animais, Comida Seca, Gato, Categoria Referência SFCC, Poupe Este Fim De Semana",
        "Data_Coleta": "2025-06-01 02:30:53"
    },
    {
        "ID_Produto": "930287",
        "Categoria_Scraping": "animais",
        "Nome": "Ração Seca para Gato Vitalidade",
        "Marca": "Internutri",
        "Preco": 5.99,
        "Unidade_Info": "4 Kg | 1,5 €/Kg",
        "Categorias_GTM": "Animais, Comida Seca, Gato, Poupe Esta Semana, Categoria Referência SFCC",
        "Data_Coleta": "2025-06-01 02:30:53"
    },
    {
        "ID_Produto": "857853",
        "Categoria_Scraping": "animais",
        "Nome": "Snack para Cão com Carne de Caça",
        "Marca": "Vitakraft",
        "Preco": 0.49,
        "Unidade_Info": "0.012 Un | 40,83 €/Un",
        "Categorias_GTM": "Poupe Esta Semana, Promoções, Animais, Cão, Snacks",
        "Data_Coleta": "2025-06-01 02:30:53"
    },
    {
        "ID_Produto": "857854",
        "Categoria_Scraping": "animais",
        "Nome": "Snack para Cão com Peru",
        "Marca": "Vitakraft",
        "Preco": 0.49,
        "Unidade_Info": "0.012 Kg | 40,83 €/Kg",
        "Categorias_GTM": "Animais, Cão, Snacks, Poupe Esta Semana, Promoções",
        "Data_Coleta": "2025-06-01 02:30:53"
    },
    {
        "ID_Produto": "359602",
        "Categoria_Scraping": "animais",
        "Nome": "Snack para Cão de Porte Médio Dentastix P",
        "Marca": "Pedigree",
        "Preco": 2.54,
        "Unidade_Info": "0.18 Kg | 14,11 €/Kg",
        "Categorias_GTM": "Animais, Cão, Snacks, Poupe Esta Semana, Promoções",
        "Data_Coleta": "2025-06-01 02:30:53"
    },
    {
        "ID_Produto": "948295",
        "Categoria_Scraping": "animais",
        "Nome": "Snack para Cão Hamburgueres de Salmão Crocantes",
        "Marca": "Bribon",
        "Preco": 1.49,
        "Unidade_Info": "0.225 Kg | 6,62 €/Kg",
        "Categorias_GTM": "Categoria Referência SFCC, Animais, Cão, Snacks, Poupe Esta Semana",
        "Data_Coleta": "2025-06-01 02:30:53"
    },
    {
        "ID_Produto": "4115",
        "Categoria_Scraping": "animais",
        "Nome": "Snack para Cão Markies",
        "Marca": "Pedigree",
        "Preco": 3.59,
        "Unidade_Info": "0.5 Kg | 7,18 €/Kg",
        "Categorias_GTM": "Animais, Cão, Snacks, Poupe Esta Semana, Categoria Referência SFCC",
        "Data_Coleta": "2025-06-01 02:30:53"
    },
    {
        "ID_Produto": "818672",
        "Categoria_Scraping": "animais",
        "Nome": "Snack para Cão Markies Mini",
        "Marca": "Pedigree",
        "Preco": 3.59,
        "Unidade_Info": "0.5 Kg | 7,18 €/Kg",
        "Categorias_GTM": "Poupe Esta Semana, Categoria Referência SFCC, Animais, Cão, Snacks",
        "Data_Coleta": "2025-06-01 02:30:53"
    },
    {
        "ID_Produto": "822494",
        "Categoria_Scraping": "animais",
        "Nome": "Snack para Cão Nuggets com Aroma a Javali",
        "Marca": "Purina Adventuros",
        "Preco": 1.49,
        "Unidade_Info": "0.09 Kg | 16,56 €/Kg",
        "Categorias_GTM": "Animais, Cão, Snacks, Categoria Referência SFCC, Poupe Esta Semana",
        "Data_Coleta": "2025-06-01 02:30:53"
    },
    {
        "ID_Produto": "948294",
        "Categoria_Scraping": "animais",
        "Nome": "Snack para Cão Ossinhos Crocantes",
        "Marca": "Bribon",
        "Preco": 1.49,
        "Unidade_Info": "0.25 Kg | 5,96 €/Kg",
        "Categorias_GTM": "Categoria Referência SFCC, Animais, Cão, Snacks, Poupe Esta Semana",
        "Data_Coleta": "2025-06-01 02:30:53"
    },
    {
        "ID_Produto": "559947",
        "Categoria_Scraping": "animais",
        "Nome": "Snack para Cão Porte Grande Dentastix",
        "Marca": "Pedigree",
        "Preco": 3.44,
        "Unidade_Info": "0.27 Kg | 12,74 €/Kg",
        "Categorias_GTM": "Categoria Referência SFCC, Animais, Cão, Snacks, Poupe Esta Semana",
        "Data_Coleta": "2025-06-01 02:31:00"
    },
    {
        "ID_Produto": "759423",
        "Categoria_Scraping": "animais",
        "Nome": "Snack para Cão Porte Médio Dentastix",
        "Marca": "Pedigree",
        "Preco": 8.14,
        "Unidade_Info": "0.72 Kg | 11,31 €/Kg",
        "Categorias_GTM": "Categoria Referência SFCC, Animais, Cão, Snacks, Poupe Esta Semana",
        "Data_Coleta": "2025-06-01 02:31:00"
    },
    {
        "ID_Produto": "861924",
        "Categoria_Scraping": "animais",
        "Nome": "Snack para Cão Porte Pequeno",
        "Marca": "Dentalife",
        "Preco": 4.14,
        "Unidade_Info": "0.207 Kg | 20 €/Kg",
        "Categorias_GTM": "Categoria Referência SFCC, Animais, Cão, Snacks, Poupe Este Fim De Semana",
        "Data_Coleta": "2025-06-01 02:31:00"
    },
    {
        "ID_Produto": "824092",
        "Categoria_Scraping": "animais",
        "Nome": "Snack para Cão Porte Pequeno",
        "Marca": "Adventuros",
        "Preco": 1.49,
        "Unidade_Info": "0.09 Kg | 16,56 €/Kg",
        "Categorias_GTM": "Animais, Cão, Snacks, Categoria Referência SFCC, Poupe Esta Semana",
        "Data_Coleta": "2025-06-01 02:31:00"
    },
    {
        "ID_Produto": "217332",
        "Categoria_Scraping": "animais",
        "Nome": "Snack para Cão Rodeo",
        "Marca": "Pedigree",
        "Preco": 1.64,
        "Unidade_Info": "0.07 Kg | 23,43 €/Kg",
        "Categorias_GTM": "Promoções, Animais, Cão, Snacks, Poupe Esta Semana",
        "Data_Coleta": "2025-06-01 02:31:00"
    },
    {
        "ID_Produto": "916899",
        "Categoria_Scraping": "animais",
        "Nome": "Snack para Cão Small Pack",
        "Marca": "Purina Dentalife",
        "Preco": 4.14,
        "Unidade_Info": "0.345 Kg | 12 €/Kg",
        "Categorias_GTM": "Animais, Cão, Snacks, Categoria Referência SFCC, Poupe Esta Semana",
        "Data_Coleta": "2025-06-01 02:31:00"
    },
    {
        "ID_Produto": "844619",
        "Categoria_Scraping": "animais",
        "Nome": "Snack para Cão Tasty Minis com Queijo e Carne",
        "Marca": "Pedigree",
        "Preco": 2.14,
        "Unidade_Info": "0.14 Kg | 15,29 €/Kg",
        "Categorias_GTM": "Categoria Referência SFCC, Poupe Esta Semana, Promoções, Animais, Cão",
        "Data_Coleta": "2025-06-01 02:31:00"
    },
    {
        "ID_Produto": "902488",
        "Categoria_Scraping": "animais",
        "Nome": "Snack para Cão Vaca & Queijo Rodeo DualPedigree 120 g",
        "Marca": "Pedigree",
        "Preco": 2.14,
        "Unidade_Info": "0.12 Kg | 17,83 €/Kg",
        "Categorias_GTM": "Animais, Cão, Snacks, Poupe Esta Semana, Promoções",
        "Data_Coleta": "2025-06-01 02:31:00"
    },
    {
        "ID_Produto": "700050",
        "Categoria_Scraping": "animais",
        "Nome": "Snack para Gato Adulto Party Mix Original Frango, Fígado e Pato",
        "Marca": "Purina Felix",
        "Preco": 1.49,
        "Unidade_Info": "0.06 Kg | 24,83 €/Kg",
        "Categorias_GTM": "Categoria Referência SFCC, Animais, Gato, Snacks, Poupe Este Fim De Semana",
        "Data_Coleta": "2025-06-01 02:31:00"
    },
    {
        "ID_Produto": "700231",
        "Categoria_Scraping": "animais",
        "Nome": "Snack para Gato com Queijo",
        "Marca": "Catisfactions",
        "Preco": 1.69,
        "Unidade_Info": "0.06 Kg | 28,17 €/Kg",
        "Categorias_GTM": "Promoções, Poupe Esta Semana, Categoria Referência SFCC, Animais, Gato",
        "Data_Coleta": "2025-06-01 02:31:00"
    },
    {
        "ID_Produto": "700230",
        "Categoria_Scraping": "animais",
        "Nome": "Snack para Gato com Salmão",
        "Marca": "Catisfactions",
        "Preco": 1.69,
        "Unidade_Info": "0.06 Kg | 28,17 €/Kg",
        "Categorias_GTM": "Promoções, Categoria Referência SFCC, Animais, Gato, Snacks",
        "Data_Coleta": "2025-06-01 02:31:00"
    },
    {
        "ID_Produto": "846030",
        "Categoria_Scraping": "animais",
        "Nome": "Snack para Gato com Salmão",
        "Marca": "Catisfactions",
        "Preco": 3.99,
        "Unidade_Info": "0.18 Kg | 22,17 €/Kg",
        "Categorias_GTM": "Categoria Referência SFCC, Animais, Gato, Snacks, Poupe Este Fim De Semana",
        "Data_Coleta": "2025-06-01 02:31:00"
    },
    {
        "ID_Produto": "864902",
        "Categoria_Scraping": "animais",
        "Nome": "Snack para Gato de Galinha e Pato",
        "Marca": "Catisfactions",
        "Preco": 1.69,
        "Unidade_Info": "0.06 Kg | 28,17 €/Kg",
        "Categorias_GTM": "Animais, Gato, Snacks, Poupe Esta Semana, Promoções",
        "Data_Coleta": "2025-06-01 02:31:07"
    },
    {
        "ID_Produto": "970749",
        "Categoria_Scraping": "animais",
        "Nome": "Snack para Gato Erva Gateira",
        "Marca": "Catisfactions",
        "Preco": 1.69,
        "Unidade_Info": "0.06 Kg | 28,17 €/Kg",
        "Categorias_GTM": "Poupe Esta Semana, Promoções, Animais, Gato, Snacks",
        "Data_Coleta": "2025-06-01 02:31:07"
    },
    {
        "ID_Produto": "846029",
        "Categoria_Scraping": "animais",
        "Nome": "Snack para Gato Galinha Mega",
        "Marca": "Catisfactions",
        "Preco": 3.99,
        "Unidade_Info": "0.18 Kg | 22,17 €/Kg",
        "Categorias_GTM": "Categoria Referência SFCC, Animais, Gato, Snacks, Poupe Este Fim De Semana",
        "Data_Coleta": "2025-06-01 02:31:07"
    },
    {
        "ID_Produto": "950018",
        "Categoria_Scraping": "animais",
        "Nome": "Snack para Gato Gourmet Salmão",
        "Marca": "Purina Gourmet Gold",
        "Preco": 2.24,
        "Unidade_Info": "0.05 Kg | 44,8 €/Kg",
        "Categorias_GTM": "Promoções, Categoria Referência SFCC, Poupe Esta Semana, Animais, Gato",
        "Data_Coleta": "2025-06-01 02:31:07"
    },
    {
        "ID_Produto": "869622",
        "Categoria_Scraping": "animais",
        "Nome": "Snack para Gato Party Mix Seaside",
        "Marca": "Purina Felix",
        "Preco": 2.94,
        "Unidade_Info": "0.2 Kg | 14,7 €/Kg",
        "Categorias_GTM": "Animais, Gato, Snacks, Categoria Referência SFCC, Poupe Este Fim De Semana",
        "Data_Coleta": "2025-06-01 02:31:07"
    },
    {
        "ID_Produto": "700051",
        "Categoria_Scraping": "animais",
        "Nome": "Snack para Gato Sabores do Oceano Party Mix",
        "Marca": "Purina Felix",
        "Preco": 1.49,
        "Unidade_Info": "0.06 Kg | 24,83 €/Kg",
        "Categorias_GTM": "Categoria Referência SFCC, Animais, Gato, Snacks, Poupe Esta Semana",
        "Data_Coleta": "2025-06-01 02:31:07"
    },
    {
        "ID_Produto": "844108",
        "Categoria_Scraping": "animais",
        "Nome": "Snack para Gato Sabor Galinha",
        "Marca": "Catisfactions",
        "Preco": 1.69,
        "Unidade_Info": "0.06 Kg | 28,17 €/Kg",
        "Categorias_GTM": "Categoria Referência SFCC, Promoções, Poupe Esta Semana, Animais, Gato",
        "Data_Coleta": "2025-06-01 02:31:07"
    },
    {
        "ID_Produto": "752946",
        "Categoria_Scraping": "animais",
        "Nome": "Snack para Gato Sabor Salmão e Truta",
        "Marca": "Purina Felix",
        "Preco": 1.49,
        "Unidade_Info": "0.045 Kg | 33,11 €/Kg",
        "Categorias_GTM": "Animais, Gato, Snacks, Categoria Referência SFCC, Poupe Este Fim De Semana",
        "Data_Coleta": "2025-06-01 02:31:07"
    },
    {
        "ID_Produto": "857852",
        "Categoria_Scraping": "animais",
        "Nome": "Snack para Vão Vaca",
        "Marca": "Vitakraft",
        "Preco": 0.49,
        "Unidade_Info": "0.012 Un | 40,83 €/Un",
        "Categorias_GTM": "Poupe Esta Semana, Promoções, Animais, Cão, Snacks",
        "Data_Coleta": "2025-06-01 02:31:07"
    },
    {
        "ID_Produto": "869629",
        "Categoria_Scraping": "animais",
        "Nome": "Snack Pequeno Dentastix",
        "Marca": "Pedigree",
        "Preco": 1.94,
        "Unidade_Info": "0.11 Kg | 17,64 €/Kg",
        "Categorias_GTM": "Promoções, Animais, Cão, Snacks, Poupe Esta Semana",
        "Data_Coleta": "2025-06-01 02:31:07"
    },
    {
        "ID_Produto": "869630",
        "Categoria_Scraping": "animais",
        "Nome": "Toalhitas Húmidas para Animais",
        "Marca": "Jomafe",
        "Preco": 1.84,
        "Unidade_Info": "1 Un | 1,84 €/Un",
        "Categorias_GTM": "Animais, Cão, Higiene e Acessórios, Categoria Referência SFCC, Poupe Este Fim De Semana",
        "Data_Coleta": "2025-06-01 02:31:07"
    },
    {
        "ID_Produto": "566882",
        "Categoria_Scraping": "bazar",
        "Nome": "Água Bi-Desmineralizada",
        "Marca": "Home 7",
        "Preco": 0.99,
        "Unidade_Info": "5 L | 0,2 €/L",
        "Categorias_GTM": "Categoria Referência SFCC, Automóvel, Bazar",
        "Data_Coleta": "2025-06-01 02:31:50"
    },
    {
        "ID_Produto": "940350",
        "Categoria_Scraping": "bazar",
        "Nome": "Resma Papel de Impressão A4 80g",
        "Marca": "Xerox",
        "Preco": 4.99,
        "Unidade_Info": "1 Un | 4,99 €/Un",
        "Categorias_GTM": "Categoria Referência SFCC, Papelaria, Bazar, Cadernos, Blocos e Arquivo, Poupe Esta Semana",
        "Data_Coleta": "2025-06-01 02:31:50"
    },
    {
        "ID_Produto": "696606",
        "Categoria_Scraping": "bazar",
        "Nome": "Caixa Hermética Redonda 1,3L",
        "Marca": "Home 7",
        "Preco": 1.34,
        "Unidade_Info": "1 Un | 1,34 €/Un",
        "Categorias_GTM": "Categoria Referência SFCC, Bazar, Pequenos Domésticos, Poupe Esta Semana, Promoções",
        "Data_Coleta": "2025-06-01 02:31:50"
    },
    {
        "ID_Produto": "700818",
        "Categoria_Scraping": "bazar",
        "Nome": "Caixa Hermética Retangular 0,5L",
        "Marca": "Home 7",
        "Preco": 0.89,
        "Unidade_Info": "1 Un | 0,89 €/Un",
        "Categorias_GTM": "Categoria Referência SFCC, Bazar, Pequenos Domésticos, Poupe Este Fim De Semana, Poupe Esta Semana",
        "Data_Coleta": "2025-06-01 02:31:50"
    },
    {
        "ID_Produto": "696607",
        "Categoria_Scraping": "bazar",
        "Nome": "Caixa Hermética Retangular 0,85L",
        "Marca": "Home 7",
        "Preco": 0.94,
        "Unidade_Info": "1 Un | 0,94 €/Un",
        "Categorias_GTM": "Categoria Referência SFCC, Bazar, Pequenos Domésticos, Poupe Esta Semana, Promoções",
        "Data_Coleta": "2025-06-01 02:31:50"
    },
    {
        "ID_Produto": "696200",
        "Categoria_Scraping": "bazar",
        "Nome": "Caixa Hermética Retangular 1,85L",
        "Marca": "Home 7",
        "Preco": 1.34,
        "Unidade_Info": "1 Un | 1,34 €/Un",
        "Categorias_GTM": "Categoria Referência SFCC, Bazar, Pequenos Domésticos, Poupe Este Fim De Semana, Poupe Esta Semana",
        "Data_Coleta": "2025-06-01 02:31:50"
    },
    {
        "ID_Produto": "701251",
        "Categoria_Scraping": "bazar",
        "Nome": "Champô para Carro",
        "Marca": "Auto 7",
        "Preco": 1.99,
        "Unidade_Info": "1 L | 1,99 €/L",
        "Categorias_GTM": "Categoria Referência SFCC, Automóvel, Bazar",
        "Data_Coleta": "2025-06-01 02:31:50"
    },
    {
        "ID_Produto": "701246",
        "Categoria_Scraping": "bazar",
        "Nome": "Champô para Carro",
        "Marca": "Auto 7",
        "Preco": 3.99,
        "Unidade_Info": "5 L | 0,8 €/L",
        "Categorias_GTM": "Categoria Referência SFCC, Automóvel, Bazar",
        "Data_Coleta": "2025-06-01 02:31:50"
    },
    {
        "ID_Produto": "701243",
        "Categoria_Scraping": "bazar",
        "Nome": "Cockpit Silicone",
        "Marca": "Auto 7",
        "Preco": 3.24,
        "Unidade_Info": "0.6 L | 5,4 €/L",
        "Categorias_GTM": "Categoria Referência SFCC, Automóvel, Bazar",
        "Data_Coleta": "2025-06-01 02:31:50"
    },
    {
        "ID_Produto": "701248",
        "Categoria_Scraping": "bazar",
        "Nome": "Esponja Com Silicone Auto-Brilho",
        "Marca": "Auto 7",
        "Preco": 1.29,
        "Unidade_Info": "1 Un | 1,29 €/Un",
        "Categorias_GTM": "Categoria Referência SFCC, Automóvel, Bazar",
        "Data_Coleta": "2025-06-01 02:31:50"
    },
    {
        "ID_Produto": "971919",
        "Categoria_Scraping": "bazar",
        "Nome": "Gabby'S Dollhouse - Conjunto de Fíguras Deluxe",
        "Marca": "Gabby'S Dollhouse",
        "Preco": 19.99,
        "Unidade_Info": "N/A",
        "Categorias_GTM": "N/A",
        "Data_Coleta": "2025-06-01 02:31:50"
    },
    {
        "ID_Produto": "971920",
        "Categoria_Scraping": "bazar",
        "Nome": "Gabby'S Dollhouse - Figuras Surpresa",
        "Marca": "Gabby'S Dollhouse",
        "Preco": 4.69,
        "Unidade_Info": "N/A",
        "Categorias_GTM": "N/A",
        "Data_Coleta": "2025-06-01 02:31:50"
    },
    {
        "ID_Produto": "701250",
        "Categoria_Scraping": "bazar",
        "Nome": "Limpa Vidros para Carro",
        "Marca": "Auto 7",
        "Preco": 1.49,
        "Unidade_Info": "1 L | 1,49 €/L",
        "Categorias_GTM": "Categoria Referência SFCC, Automóvel, Bazar",
        "Data_Coleta": "2025-06-01 02:32:04"
    },
    {
        "ID_Produto": "701244",
        "Categoria_Scraping": "bazar",
        "Nome": "Limpa Vidros para Carro",
        "Marca": "Auto 7",
        "Preco": 2.49,
        "Unidade_Info": "5 L | 0,5 €/L",
        "Categorias_GTM": "Categoria Referência SFCC, Automóvel, Bazar",
        "Data_Coleta": "2025-06-01 02:32:04"
    },
    {
        "ID_Produto": "701242",
        "Categoria_Scraping": "bazar",
        "Nome": "Líquido para Radiador",
        "Marca": "Auto 7",
        "Preco": 1.99,
        "Unidade_Info": "1 L | 1,99 €/L",
        "Categorias_GTM": "Categoria Referência SFCC, Automóvel, Bazar",
        "Data_Coleta": "2025-06-01 02:32:04"
    },
    {
        "ID_Produto": "701007",
        "Categoria_Scraping": "bazar",
        "Nome": "Líquido para Radiador",
        "Marca": "Auto 7",
        "Preco": 3.49,
        "Unidade_Info": "5 L | 0,7 €/L",
        "Categorias_GTM": "Categoria Referência SFCC, Automóvel, Bazar",
        "Data_Coleta": "2025-06-01 02:32:04"
    },
    {
        "ID_Produto": "701004",
        "Categoria_Scraping": "bazar",
        "Nome": "Lubrificante Multiusos",
        "Marca": "Auto 7",
        "Preco": 4.99,
        "Unidade_Info": "0.4 L | 12,48 €/L",
        "Categorias_GTM": "Categoria Referência SFCC, Automóvel, Bazar",
        "Data_Coleta": "2025-06-01 02:32:04"
    },
    {
        "ID_Produto": "966249",
        "Categoria_Scraping": "bazar",
        "Nome": "Máquina de Café Expresso Branca",
        "Marca": "Pingo Doce",
        "Preco": 24.99,
        "Unidade_Info": "1 Un | 24,99 €/Un",
        "Categorias_GTM": "As Nossas Marcas, Pingo Doce, Promoções, Bazar, Pequenos Domésticos",
        "Data_Coleta": "2025-06-01 02:32:04"
    },
    {
        "ID_Produto": "966251",
        "Categoria_Scraping": "bazar",
        "Nome": "Máquina de Café Expresso Preta",
        "Marca": "Pingo Doce",
        "Preco": 24.99,
        "Unidade_Info": "1 Un | 24,99 €/Un",
        "Categorias_GTM": "As Nossas Marcas, Pingo Doce, Promoções, Bazar, Pequenos Domésticos",
        "Data_Coleta": "2025-06-01 02:32:04"
    },
    {
        "ID_Produto": "701005",
        "Categoria_Scraping": "bazar",
        "Nome": "Óleo Lubrificante Diesel 15W40",
        "Marca": "Auto 7",
        "Preco": 17.99,
        "Unidade_Info": "5 L | 3,6 €/L",
        "Categorias_GTM": "Categoria Referência SFCC, Automóvel, Bazar",
        "Data_Coleta": "2025-06-01 02:32:04"
    },
    {
        "ID_Produto": "701006",
        "Categoria_Scraping": "bazar",
        "Nome": "Óleo Lubrificante Gasolina 15W40",
        "Marca": "Auto 7",
        "Preco": 17.99,
        "Unidade_Info": "5 L | 3,6 €/L",
        "Categorias_GTM": "Categoria Referência SFCC, Automóvel, Bazar",
        "Data_Coleta": "2025-06-01 02:32:04"
    },
    {
        "ID_Produto": "944763",
        "Categoria_Scraping": "bazar",
        "Nome": "Substrato Vegetal Fertilizado",
        "Marca": "Brico 7",
        "Preco": 0.99,
        "Unidade_Info": "1 Un | 0,99 €/Un",
        "Categorias_GTM": "Categoria Referência SFCC, Bazar, Jardim, Poupe Esta Semana, Promoções",
        "Data_Coleta": "2025-06-01 02:32:04"
    },
    {
        "ID_Produto": "695869",
        "Categoria_Scraping": "bazar",
        "Nome": "Tábua de Cozinha 34,5x23cm",
        "Marca": "Home 7",
        "Preco": 2.99,
        "Unidade_Info": "1 Un | 2,99 €/Un",
        "Categorias_GTM": "Categoria Referência SFCC, Bazar, Pequenos Domésticos",
        "Data_Coleta": "2025-06-01 02:32:04"
    },
    {
        "ID_Produto": "772989",
        "Categoria_Scraping": "bazar",
        "Nome": "Toalhitas de Limpeza de Tablier",
        "Marca": "Auto 7",
        "Preco": 1.79,
        "Unidade_Info": "20 Un | 0,09 €/Un",
        "Categorias_GTM": "Automóvel, Bazar, Categoria Referência SFCC",
        "Data_Coleta": "2025-06-01 02:32:04"
    },
    {
        "ID_Produto": "772947",
        "Categoria_Scraping": "bazar",
        "Nome": "Toalhitas de Limpeza de Vidros",
        "Marca": "Auto 7",
        "Preco": 1.79,
        "Unidade_Info": "20 Un | 0,09 €/Un",
        "Categorias_GTM": "Categoria Referência SFCC, Automóvel, Bazar",
        "Data_Coleta": "2025-06-01 02:32:09"
    },
    {
        "ID_Produto": "772977",
        "Categoria_Scraping": "bazar",
        "Nome": "Toalhitas de Limpeza Multiusos",
        "Marca": "Auto 7",
        "Preco": 1.79,
        "Unidade_Info": "20 Un | 0,09 €/Un",
        "Categorias_GTM": "Automóvel, Bazar, Categoria Referência SFCC",
        "Data_Coleta": "2025-06-01 02:32:09"
    },
    {
        "ID_Produto": "770921",
        "Categoria_Scraping": "bazar",
        "Nome": "Vaso Redondo Terracota 30cm",
        "Marca": "Plástico Forte",
        "Preco": 1.79,
        "Unidade_Info": "N/A",
        "Categorias_GTM": "Bazar, Jardim, Poupe Esta Semana, Promoções, Categoria Referência SFCC",
        "Data_Coleta": "2025-06-01 02:32:09"
    },
    {
        "ID_Produto": "947889",
        "Categoria_Scraping": "bazar",
        "Nome": "10 Lápis HB",
        "Marca": "Staedtler",
        "Preco": 7.99,
        "Unidade_Info": "N/A",
        "Categorias_GTM": "Categoria Referência SFCC, Bazar, Material de Escrita e Desenho, Papelaria",
        "Data_Coleta": "2025-06-01 02:32:09"
    },
    {
        "ID_Produto": "959551",
        "Categoria_Scraping": "bazar",
        "Nome": "2 Filtros Maxtra Pro",
        "Marca": "Brita",
        "Preco": 12.99,
        "Unidade_Info": "N/A",
        "Categorias_GTM": "Bazar, Pequenos Domésticos, Poupe Esta Semana, Promoções, Categoria Referência SFCC",
        "Data_Coleta": "2025-06-01 02:32:09"
    },
    {
        "ID_Produto": "844123",
        "Categoria_Scraping": "bazar",
        "Nome": "3 Caixas Alimentares 828ml",
        "Marca": "Smukee",
        "Preco": 0.99,
        "Unidade_Info": "N/A",
        "Categorias_GTM": "Categoria Referência SFCC, Poupe Esta Semana, Promoções, Bazar, Pequenos Domésticos",
        "Data_Coleta": "2025-06-01 02:32:09"
    },
    {
        "ID_Produto": "971895",
        "Categoria_Scraping": "bazar",
        "Nome": "4 Brinquedos Anti-stress Pop It Fidget Toy Sensorial",
        "Marca": "Joinco",
        "Preco": 0.99,
        "Unidade_Info": "N/A",
        "Categorias_GTM": "Bazar, Brinquedos, Poupe Esta Semana, Promoções, Categoria Referência SFCC",
        "Data_Coleta": "2025-06-01 02:32:09"
    },
    {
        "ID_Produto": "668237",
        "Categoria_Scraping": "bazar",
        "Nome": "5 Capas Protege Caderno A4",
        "Marca": "Ambar",
        "Preco": 2.69,
        "Unidade_Info": "N/A",
        "Categorias_GTM": "Categoria Referência SFCC, Bazar, Cadernos, Blocos e Arquivo, Papelaria",
        "Data_Coleta": "2025-06-01 02:32:09"
    },
    {
        "ID_Produto": "945259",
        "Categoria_Scraping": "bazar",
        "Nome": "Aditivo AdBlue 10L",
        "Marca": "Fillblue",
        "Preco": 13.99,
        "Unidade_Info": "N/A",
        "Categorias_GTM": "Categoria Referência SFCC, Automóvel, Bazar, Poupe Esta Semana, Promoções",
        "Data_Coleta": "2025-06-01 02:32:09"
    },
    {
        "ID_Produto": "725896",
        "Categoria_Scraping": "bazar",
        "Nome": "Aditivo Diesel",
        "Marca": "Redex",
        "Preco": 4.49,
        "Unidade_Info": "N/A",
        "Categorias_GTM": "Categoria Referência SFCC, Automóvel, Bazar",
        "Data_Coleta": "2025-06-01 02:32:09"
    },
    {
        "ID_Produto": "945270",
        "Categoria_Scraping": "bazar",
        "Nome": "Adubo líquido Universal",
        "Marca": "KB",
        "Preco": 4.99,
        "Unidade_Info": "N/A",
        "Categorias_GTM": "Promoções, Categoria Referência SFCC, Bazar, Jardim, Poupe Esta Semana",
        "Data_Coleta": "2025-06-01 02:32:09"
    },
    {
        "ID_Produto": "920338",
        "Categoria_Scraping": "bazar",
        "Nome": "Alisador Cabelo Verde /Cinzento Metalizado",
        "Marca": "Hoffen",
        "Preco": 17.99,
        "Unidade_Info": "N/A",
        "Categorias_GTM": "Bazar, Pequenos Domésticos, Categoria Referência SFCC",
        "Data_Coleta": "2025-06-01 02:32:09"
    },
    {
        "ID_Produto": "871575",
        "Categoria_Scraping": "bazar",
        "Nome": "Almofada Viscoelastica 45X60cm",
        "Marca": "Jobitex",
        "Preco": 6.99,
        "Unidade_Info": "N/A",
        "Categorias_GTM": "Poupe Esta Semana, Bazar, Jardim, Promoções, Categoria Referência SFCC",
        "Data_Coleta": "2025-06-01 02:32:14"
    },
    {
        "ID_Produto": "832110",
        "Categoria_Scraping": "bazar",
        "Nome": "Almofariz c/Pilão",
        "Marca": "Jomafe",
        "Preco": 6.99,
        "Unidade_Info": "N/A",
        "Categorias_GTM": "Categoria Referência SFCC, Bazar, Pequenos Domésticos",
        "Data_Coleta": "2025-06-01 02:32:14"
    },
    {
        "ID_Produto": "756276",
        "Categoria_Scraping": "bazar",
        "Nome": "Ambientador Auto Encaixar Frutos do Bosque",
        "Marca": "Cristalinas",
        "Preco": 3.99,
        "Unidade_Info": "1 Un | 3,99 €/Un",
        "Categorias_GTM": "Categoria Referência SFCC, Automóvel, Bazar",
        "Data_Coleta": "2025-06-01 02:32:14"
    },
    {
        "ID_Produto": "938630",
        "Categoria_Scraping": "bazar",
        "Nome": "Ambientador Automático para Carro Ventclips",
        "Marca": "Ambipur",
        "Preco": 3.49,
        "Unidade_Info": "1 Un | 3,49 €/Un",
        "Categorias_GTM": "Bazar, Iluminação, Categoria Referência SFCC",
        "Data_Coleta": "2025-06-01 02:32:14"
    },
    {
        "ID_Produto": "985561",
        "Categoria_Scraping": "bazar",
        "Nome": "Ambientador para Carro Aril Bubble Gum",
        "Marca": "Fancy Brands",
        "Preco": 1.99,
        "Unidade_Info": "1 Un | 1,99 €/Un",
        "Categorias_GTM": "Automóvel, Bazar, Categoria Referência SFCC",
        "Data_Coleta": "2025-06-01 02:32:14"
    },
    {
        "ID_Produto": "985722",
        "Categoria_Scraping": "bazar",
        "Nome": "Ambientador para Carro Baunilha",
        "Marca": "Aril",
        "Preco": 1.29,
        "Unidade_Info": "1 Un | 1,29 €/Un",
        "Categorias_GTM": "Automóvel, Bazar, Categoria Referência SFCC",
        "Data_Coleta": "2025-06-01 02:32:14"
    },
    {
        "ID_Produto": "985571",
        "Categoria_Scraping": "bazar",
        "Nome": "Ambientador para Carro Baunilha",
        "Marca": "Fancy Brands",
        "Preco": 1.99,
        "Unidade_Info": "1 Un | 1,99 €/Un",
        "Categorias_GTM": "Automóvel, Bazar, Categoria Referência SFCC",
        "Data_Coleta": "2025-06-01 02:32:14"
    },
    {
        "ID_Produto": "985573",
        "Categoria_Scraping": "bazar",
        "Nome": "Ambientador para Carro Black",
        "Marca": "Fancy Brands",
        "Preco": 1.99,
        "Unidade_Info": "1 Un | 1,99 €/Un",
        "Categorias_GTM": "Automóvel, Bazar, Categoria Referência SFCC",
        "Data_Coleta": "2025-06-01 02:32:14"
    },
    {
        "ID_Produto": "985572",
        "Categoria_Scraping": "bazar",
        "Nome": "Ambientador para Carro Brisa das Bahamas",
        "Marca": "Fancy Brands",
        "Preco": 1.99,
        "Unidade_Info": "1 Un | 1,99 €/Un",
        "Categorias_GTM": "Automóvel, Bazar, Categoria Referência SFCC",
        "Data_Coleta": "2025-06-01 02:32:14"
    },
    {
        "ID_Produto": "954103",
        "Categoria_Scraping": "bazar",
        "Nome": "Ambientador para Carro Brisa do Oceano",
        "Marca": "Natural Fresh",
        "Preco": 1.29,
        "Unidade_Info": "1 Un | 1,29 €/Un",
        "Categorias_GTM": "Categoria Referência SFCC, Automóvel, Bazar",
        "Data_Coleta": "2025-06-01 02:32:14"
    },
    {
        "ID_Produto": "985567",
        "Categoria_Scraping": "bazar",
        "Nome": "Ambientador para Carro Cão Winter Ice",
        "Marca": "Fancy Brands",
        "Preco": 1.99,
        "Unidade_Info": "1 Un | 1,99 €/Un",
        "Categorias_GTM": "Automóvel, Bazar, Categoria Referência SFCC",
        "Data_Coleta": "2025-06-01 02:32:14"
    },
    {
        "ID_Produto": "735493",
        "Categoria_Scraping": "bazar",
        "Nome": "Ambientador para Carro Encaixar Ar Fresco",
        "Marca": "Ambipur",
        "Preco": 3.49,
        "Unidade_Info": "1 Un | 3,49 €/Un",
        "Categorias_GTM": "Categoria Referência SFCC, Automóvel, Bazar",
        "Data_Coleta": "2025-06-01 02:32:14"
    },
    {
        "ID_Produto": "756273",
        "Categoria_Scraping": "bazar",
        "Nome": "Ambientador para Carro Encaixar Aroma Bebé",
        "Marca": "Cristalinas",
        "Preco": 3.99,
        "Unidade_Info": "1 Un | 3,99 €/Un",
        "Categorias_GTM": "Categoria Referência SFCC, Automóvel, Bazar",
        "Data_Coleta": "2025-06-01 02:32:20"
    },
    {
        "ID_Produto": "735492",
        "Categoria_Scraping": "bazar",
        "Nome": "Ambientador para Carro Encaixar Brisa Flores",
        "Marca": "Ambipur",
        "Preco": 3.49,
        "Unidade_Info": "1 Un | 3,49 €/Un",
        "Categorias_GTM": "Categoria Referência SFCC, Automóvel, Bazar",
        "Data_Coleta": "2025-06-01 02:32:20"
    },
    {
        "ID_Produto": "876596",
        "Categoria_Scraping": "bazar",
        "Nome": "Ambientador para Carro Encaixar Gel Limão",
        "Marca": "Aroma Car",
        "Preco": 3.49,
        "Unidade_Info": "1 Un | 3,49 €/Un",
        "Categorias_GTM": "Automóvel, Bazar, Categoria Referência SFCC",
        "Data_Coleta": "2025-06-01 02:32:20"
    },
    {
        "ID_Produto": "876597",
        "Categoria_Scraping": "bazar",
        "Nome": "Ambientador para Carro Encaixar Gel Neutro",
        "Marca": "Aroma Car",
        "Preco": 3.49,
        "Unidade_Info": "1 Un | 3,49 €/Un",
        "Categorias_GTM": "Automóvel, Bazar, Categoria Referência SFCC",
        "Data_Coleta": "2025-06-01 02:32:20"
    },
    {
        "ID_Produto": "876598",
        "Categoria_Scraping": "bazar",
        "Nome": "Ambientador para Carro Encaixar Gel Oceano",
        "Marca": "Aroma Car",
        "Preco": 3.49,
        "Unidade_Info": "1 Un | 3,49 €/Un",
        "Categorias_GTM": "Automóvel, Bazar, Categoria Referência SFCC",
        "Data_Coleta": "2025-06-01 02:32:20"
    },
    {
        "ID_Produto": "985562",
        "Categoria_Scraping": "bazar",
        "Nome": "Ambientador para Carro Gato, New Car",
        "Marca": "Fancy Brands",
        "Preco": 1.99,
        "Unidade_Info": "1 Un | 1,99 €/Un",
        "Categorias_GTM": "Automóvel, Bazar, Categoria Referência SFCC",
        "Data_Coleta": "2025-06-01 02:32:20"
    },
    {
        "ID_Produto": "985565",
        "Categoria_Scraping": "bazar",
        "Nome": "Ambientador para Carro Gato Winter Ice",
        "Marca": "Fancy Brands",
        "Preco": 1.99,
        "Unidade_Info": "1 Un | 1,99 €/Un",
        "Categorias_GTM": "Automóvel, Bazar, Categoria Referência SFCC",
        "Data_Coleta": "2025-06-01 02:32:20"
    },
    {
        "ID_Produto": "985568",
        "Categoria_Scraping": "bazar",
        "Nome": "Ambientador para Carro New Car",
        "Marca": "Fancy Brands",
        "Preco": 1.99,
        "Unidade_Info": "1 Un | 1,99 €/Un",
        "Categorias_GTM": "Automóvel, Bazar, Categoria Referência SFCC",
        "Data_Coleta": "2025-06-01 02:32:20"
    },
    {
        "ID_Produto": "985569",
        "Categoria_Scraping": "bazar",
        "Nome": "Ambientador para Carro Ocean",
        "Marca": "Fancy Brands",
        "Preco": 1.99,
        "Unidade_Info": "1 Un | 1,99 €/Un",
        "Categorias_GTM": "Automóvel, Bazar, Categoria Referência SFCC",
        "Data_Coleta": "2025-06-01 02:32:20"
    },
    {
        "ID_Produto": "985563",
        "Categoria_Scraping": "bazar",
        "Nome": "Ambientador para Carro Ocean",
        "Marca": "Fancy Brands",
        "Preco": 1.99,
        "Unidade_Info": "1 Un | 1,99 €/Un",
        "Categorias_GTM": "Automóvel, Bazar, Categoria Referência SFCC",
        "Data_Coleta": "2025-06-01 02:32:20"
    },
    {
        "ID_Produto": "876595",
        "Categoria_Scraping": "bazar",
        "Nome": "Ambientador para Carro Pendurar Frasco",
        "Marca": "Aroma Car",
        "Preco": 3.49,
        "Unidade_Info": "1 Un | 3,49 €/Un",
        "Categorias_GTM": "Automóvel, Bazar, Categoria Referência SFCC",
        "Data_Coleta": "2025-06-01 02:32:20"
    },
    {
        "ID_Produto": "876590",
        "Categoria_Scraping": "bazar",
        "Nome": "Ambientador para Carro Pendurar Frasco Baunilha",
        "Marca": "Aroma Car",
        "Preco": 2.99,
        "Unidade_Info": "1 Un | 2,99 €/Un",
        "Categorias_GTM": "Bazar, Automóvel, Categoria Referência SFCC",
        "Data_Coleta": "2025-06-01 02:32:20"
    },
    {
        "ID_Produto": "876591",
        "Categoria_Scraping": "bazar",
        "Nome": "Ambientador para Carro Pendurar Frasco Carro Novo",
        "Marca": "Aroma Car",
        "Preco": 2.99,
        "Unidade_Info": "1 Un | 2,99 €/Un",
        "Categorias_GTM": "Automóvel, Bazar, Categoria Referência SFCC",
        "Data_Coleta": "2025-06-01 02:32:26"
    },
    {
        "ID_Produto": "876593",
        "Categoria_Scraping": "bazar",
        "Nome": "Ambientador para Carro Pendurar Frasco Chá Verde",
        "Marca": "Aroma Car",
        "Preco": 2.99,
        "Unidade_Info": "1 Un | 2,99 €/Un",
        "Categorias_GTM": "Automóvel, Bazar, Categoria Referência SFCC",
        "Data_Coleta": "2025-06-01 02:32:26"
    },
    {
        "ID_Produto": "876592",
        "Categoria_Scraping": "bazar",
        "Nome": "Ambientador para Carro Pendurar Frasco Neutro",
        "Marca": "Aroma Car",
        "Preco": 2.99,
        "Unidade_Info": "1 Un | 2,99 €/Un",
        "Categorias_GTM": "Automóvel, Bazar, Categoria Referência SFCC",
        "Data_Coleta": "2025-06-01 02:32:26"
    },
    {
        "ID_Produto": "985728",
        "Categoria_Scraping": "bazar",
        "Nome": "Ambientador para Carro Pinho",
        "Marca": "Aril",
        "Preco": 1.29,
        "Unidade_Info": "1 Un | 1,29 €/Un",
        "Categorias_GTM": "Automóvel, Bazar, Categoria Referência SFCC",
        "Data_Coleta": "2025-06-01 02:32:26"
    },
    {
        "ID_Produto": "731422",
        "Categoria_Scraping": "bazar",
        "Nome": "Ambientador para Carro Ventilador Brisa Marinha",
        "Marca": "Ambipur",
        "Preco": 3.49,
        "Unidade_Info": "1 Un | 3,49 €/Un",
        "Categorias_GTM": "Categoria Referência SFCC, Automóvel, Bazar",
        "Data_Coleta": "2025-06-01 02:32:26"
    },
    {
        "ID_Produto": "985570",
        "Categoria_Scraping": "bazar",
        "Nome": "Ambientador para Carro Winter Ice",
        "Marca": "Fancy Brands",
        "Preco": 1.99,
        "Unidade_Info": "1 Un | 1,99 €/Un",
        "Categorias_GTM": "Automóvel, Bazar, Categoria Referência SFCC",
        "Data_Coleta": "2025-06-01 02:32:26"
    },
    {
        "ID_Produto": "920078",
        "Categoria_Scraping": "bazar",
        "Nome": "Aparador 10 em 1",
        "Marca": "Hoffen",
        "Preco": 29.99,
        "Unidade_Info": "N/A",
        "Categorias_GTM": "Bazar, Pequenos Domésticos, Categoria Referência SFCC",
        "Data_Coleta": "2025-06-01 02:32:26"
    },
    {
        "ID_Produto": "347543",
        "Categoria_Scraping": "bazar",
        "Nome": "Apara-lápis",
        "Marca": "Maped",
        "Preco": 1.99,
        "Unidade_Info": "N/A",
        "Categorias_GTM": "Bazar, Material de Escrita e Desenho, Papelaria, Categoria Referência SFCC",
        "Data_Coleta": "2025-06-01 02:32:26"
    },
    {
        "ID_Produto": "933161",
        "Categoria_Scraping": "bazar",
        "Nome": "Aspirador Vertical",
        "Marca": "Hoffen",
        "Preco": 69.99,
        "Unidade_Info": "N/A",
        "Categorias_GTM": "Bazar, Pequenos Domésticos, Categoria Referência SFCC, Poupe Este Fim De Semana, Promoções",
        "Data_Coleta": "2025-06-01 02:32:26"
    },
    {
        "ID_Produto": "702628",
        "Categoria_Scraping": "bazar",
        "Nome": "Assadeira Oval",
        "Marca": "Smukee",
        "Preco": 5.99,
        "Unidade_Info": "N/A",
        "Categorias_GTM": "Categoria Referência SFCC, Bazar, Pequenos Domésticos, Poupe Este Fim De Semana, Poupe Esta Semana",
        "Data_Coleta": "2025-06-01 02:32:26"
    },
    {
        "ID_Produto": "100169",
        "Categoria_Scraping": "bazar",
        "Nome": "Assador de Chouriço Pintado nº2",
        "Marca": "Socerâmica",
        "Preco": 5.59,
        "Unidade_Info": "N/A",
        "Categorias_GTM": "Bazar, Pequenos Domésticos, Poupe Esta Semana, Promoções, Categoria Referência SFCC",
        "Data_Coleta": "2025-06-01 02:32:26"
    },
    {
        "ID_Produto": "821514",
        "Categoria_Scraping": "bazar",
        "Nome": "Barbecue Dallas",
        "Marca": "Delba",
        "Preco": 39.99,
        "Unidade_Info": "N/A",
        "Categorias_GTM": "Poupe Esta Semana, Promoções, Categoria Referência SFCC, Bazar, Jardim",
        "Data_Coleta": "2025-06-01 02:32:26"
    },
    {
        "ID_Produto": "821516",
        "Categoria_Scraping": "bazar",
        "Nome": "Barbecue Oval",
        "Marca": "Delba",
        "Preco": 29.99,
        "Unidade_Info": "N/A",
        "Categorias_GTM": "Poupe Esta Semana, Promoções, Bazar, Jardim, Categoria Referência SFCC",
        "Data_Coleta": "2025-06-01 02:32:31"
    },
    {
        "ID_Produto": "713739",
        "Categoria_Scraping": "bazar",
        "Nome": "Base Guarda Sol Plástico",
        "Marca": "Saurium",
        "Preco": 9.99,
        "Unidade_Info": "1 Un | 9,99 €/Un",
        "Categorias_GTM": "Promoções, Poupe Esta Semana, Categoria Referência SFCC, Bazar, Jardim",
        "Data_Coleta": "2025-06-01 02:32:31"
    },
    {
        "ID_Produto": "912063",
        "Categoria_Scraping": "bazar",
        "Nome": "Batedeira B8007A",
        "Marca": "Hoffen",
        "Preco": 19.99,
        "Unidade_Info": "N/A",
        "Categorias_GTM": "Bazar, Pequenos Domésticos, Categoria Referência SFCC",
        "Data_Coleta": "2025-06-01 02:32:31"
    },
    {
        "ID_Produto": "771059",
        "Categoria_Scraping": "bazar",
        "Nome": "Batedor Varas Inox com Pega de Plástico",
        "Marca": "Smukee",
        "Preco": 1.69,
        "Unidade_Info": "N/A",
        "Categorias_GTM": "Categoria Referência SFCC, Bazar, Pequenos Domésticos, Poupe Este Fim De Semana, Poupe Esta Semana",
        "Data_Coleta": "2025-06-01 02:32:31"
    },
    {
        "ID_Produto": "943361",
        "Categoria_Scraping": "bazar",
        "Nome": "Bicicleta Elétrica",
        "Marca": "Silver",
        "Preco": 599.99,
        "Unidade_Info": "N/A",
        "Categorias_GTM": "Bazar, Brinquedos, Categoria Referência SFCC, Poupe Esta Semana, Promoções",
        "Data_Coleta": "2025-06-01 02:32:31"
    },
    {
        "ID_Produto": "906875",
        "Categoria_Scraping": "bazar",
        "Nome": "Bicicleta Patrulha Pata 12 Polegadas",
        "Marca": "Saica",
        "Preco": 89.99,
        "Unidade_Info": "N/A",
        "Categorias_GTM": "Bazar, Brinquedos, Poupe Esta Semana, Promoções, Categoria Referência SFCC",
        "Data_Coleta": "2025-06-01 02:32:31"
    },
    {
        "ID_Produto": "805834",
        "Categoria_Scraping": "bazar",
        "Nome": "Big Building Bag",
        "Marca": "Fisher-Price",
        "Preco": 15.49,
        "Unidade_Info": "N/A",
        "Categorias_GTM": "Categoria Referência SFCC, Bazar, Brinquedos, Poupe Esta Semana, Promoções",
        "Data_Coleta": "2025-06-01 02:32:31"
    },
    {
        "ID_Produto": "745828",
        "Categoria_Scraping": "bazar",
        "Nome": "Bloco de Cartolinas Coloridas A4 (25 Folhas)",
        "Marca": "Firmo",
        "Preco": 3.39,
        "Unidade_Info": "N/A",
        "Categorias_GTM": "Categoria Referência SFCC, Bazar, Cadernos, Blocos e Arquivo, Papelaria",
        "Data_Coleta": "2025-06-01 02:32:31"
    },
    {
        "ID_Produto": "745884",
        "Categoria_Scraping": "bazar",
        "Nome": "Bloco de Cartolinas Folhas Brancas A4 (25 Folhas)",
        "Marca": "Firmo",
        "Preco": 2.69,
        "Unidade_Info": "N/A",
        "Categorias_GTM": "Categoria Referência SFCC, Bazar, Cadernos, Blocos e Arquivo, Papelaria",
        "Data_Coleta": "2025-06-01 02:32:31"
    },
    {
        "ID_Produto": "597446",
        "Categoria_Scraping": "bazar",
        "Nome": "Bloco de Notas Adesivas 100 folhas",
        "Marca": "Mab",
        "Preco": 0.79,
        "Unidade_Info": "N/A",
        "Categorias_GTM": "Categoria Referência SFCC, Bazar, Cadernos, Blocos e Arquivo, Papelaria",
        "Data_Coleta": "2025-06-01 02:32:31"
    },
    {
        "ID_Produto": "942312",
        "Categoria_Scraping": "bazar",
        "Nome": "Bolsa Antiaderente",
        "Marca": "Delba",
        "Preco": 6.99,
        "Unidade_Info": "N/A",
        "Categorias_GTM": "Categoria Referência SFCC, Bazar, Jardim, Poupe Esta Semana, Promoções",
        "Data_Coleta": "2025-06-01 02:32:31"
    },
    {
        "ID_Produto": "964338",
        "Categoria_Scraping": "bazar",
        "Nome": "Bolsa de Catálogo",
        "Marca": "Mab",
        "Preco": 2.99,
        "Unidade_Info": "N/A",
        "Categorias_GTM": "Bazar, Cadernos, Blocos e Arquivo, Papelaria, Categoria Referência SFCC",
        "Data_Coleta": "2025-06-01 02:32:31"
    },
    {
        "ID_Produto": "978256",
        "Categoria_Scraping": "bazar",
        "Nome": "Bolsa de Catálogo A4",
        "Marca": "Campus",
        "Preco": 1.69,
        "Unidade_Info": "N/A",
        "Categorias_GTM": "Bazar, Cadernos, Blocos e Arquivo, Papelaria, Categoria Referência SFCC",
        "Data_Coleta": "2025-06-01 02:32:37"
    },
    {
        "ID_Produto": "777458",
        "Categoria_Scraping": "bazar",
        "Nome": "Bolsa Escolar em Pele",
        "Marca": "Simply",
        "Preco": 4.19,
        "Unidade_Info": "N/A",
        "Categorias_GTM": "Bazar, Cadernos, Blocos e Arquivo, Papelaria, Categoria Referência SFCC",
        "Data_Coleta": "2025-06-01 02:32:37"
    },
    {
        "ID_Produto": "822629",
        "Categoria_Scraping": "bazar",
        "Nome": "Bolsa Térmica 15L",
        "Marca": "Joinco",
        "Preco": 9.99,
        "Unidade_Info": "1 Un | 9,99 €/Un",
        "Categorias_GTM": "Poupe Esta Semana, Promoções, Bazar, Lancheiras e Garrafas, Categoria Referência SFCC",
        "Data_Coleta": "2025-06-01 02:32:37"
    },
    {
        "ID_Produto": "905334",
        "Categoria_Scraping": "bazar",
        "Nome": "Boneca Barbie Fashionistas (vários modelos)",
        "Marca": "Barbie",
        "Preco": 12.99,
        "Unidade_Info": "N/A",
        "Categorias_GTM": "Bazar, Brinquedos, Categoria Referência SFCC, Poupe Este Fim De Semana, Poupe Esta Semana",
        "Data_Coleta": "2025-06-01 02:32:37"
    },
    {
        "ID_Produto": "818687",
        "Categoria_Scraping": "bazar",
        "Nome": "Boneca Barbie Princesas",
        "Marca": "Barbie",
        "Preco": 12.99,
        "Unidade_Info": "N/A",
        "Categorias_GTM": "Poupe Esta Semana, Promoções, Categoria Referência SFCC, Bazar, Brinquedos",
        "Data_Coleta": "2025-06-01 02:32:37"
    },
    {
        "ID_Produto": "863698",
        "Categoria_Scraping": "bazar",
        "Nome": "Boneca Nancy - Um Dia de Sereia",
        "Marca": "Nancy",
        "Preco": 27.99,
        "Unidade_Info": "N/A",
        "Categorias_GTM": "Categoria Referência SFCC, Bazar, Brinquedos, Poupe Esta Semana, Promoções",
        "Data_Coleta": "2025-06-01 02:32:37"
    },
    {
        "ID_Produto": "842837",
        "Categoria_Scraping": "bazar",
        "Nome": "Boneco Nenuco Soft 3 Funções",
        "Marca": "Nenuco",
        "Preco": 15.99,
        "Unidade_Info": "N/A",
        "Categorias_GTM": "Categoria Referência SFCC, Poupe Esta Semana, Promoções, Bazar, Brinquedos",
        "Data_Coleta": "2025-06-01 02:32:37"
    },
    {
        "ID_Produto": "842838",
        "Categoria_Scraping": "bazar",
        "Nome": "Boneco Nenuco Soft 5 Funções",
        "Marca": "Nenuco",
        "Preco": 18.99,
        "Unidade_Info": "N/A",
        "Categorias_GTM": "Categoria Referência SFCC, Bazar, Brinquedos, Poupe Esta Semana, Promoções",
        "Data_Coleta": "2025-06-01 02:32:37"
    },
    {
        "ID_Produto": "757486",
        "Categoria_Scraping": "bazar",
        "Nome": "Borracha Branca Rasoplast (2+1)",
        "Marca": "Staedtler",
        "Preco": 2.69,
        "Unidade_Info": "N/A",
        "Categorias_GTM": "Categoria Referência SFCC, Bazar, Material de Escrita e Desenho, Papelaria",
        "Data_Coleta": "2025-06-01 02:32:37"
    },
    {
        "ID_Produto": "804207",
        "Categoria_Scraping": "bazar",
        "Nome": "Borracha Galet",
        "Marca": "BIC",
        "Preco": 1.39,
        "Unidade_Info": "N/A",
        "Categorias_GTM": "Bazar, Material de Escrita e Desenho, Papelaria, Categoria Referência SFCC",
        "Data_Coleta": "2025-06-01 02:32:37"
    },
    {
        "ID_Produto": "627427",
        "Categoria_Scraping": "bazar",
        "Nome": "Borrachas Brancas",
        "Marca": "Mab",
        "Preco": 0.99,
        "Unidade_Info": "N/A",
        "Categorias_GTM": "Categoria Referência SFCC, Bazar, Material de Escrita e Desenho, Papelaria",
        "Data_Coleta": "2025-06-01 02:32:37"
    },
    {
        "ID_Produto": "347530",
        "Categoria_Scraping": "bazar",
        "Nome": "Borrada 600 x 2",
        "Marca": "Maped",
        "Preco": 1.99,
        "Unidade_Info": "N/A",
        "Categorias_GTM": "Bazar, Material de Escrita e Desenho, Papelaria, Categoria Referência SFCC",
        "Data_Coleta": "2025-06-01 02:32:37"
    },
    {
        "ID_Produto": "971911",
        "Categoria_Scraping": "bazar",
        "Nome": "Brinquedo Árvore Baobab",
        "Marca": "Chico",
        "Preco": 13.99,
        "Unidade_Info": "N/A",
        "Categorias_GTM": "Bazar, Brinquedos, Poupe Esta Semana, Promoções, Categoria Referência SFCC",
        "Data_Coleta": "2025-06-01 02:32:43"
    },
    {
        "ID_Produto": "951584",
        "Categoria_Scraping": "bazar",
        "Nome": "Brinquedo Moto de Estrada",
        "Marca": "Bburago",
        "Preco": 4.99,
        "Unidade_Info": "N/A",
        "Categorias_GTM": "Categoria Referência SFCC, Poupe Esta Semana, Promoções, Bazar, Brinquedos",
        "Data_Coleta": "2025-06-01 02:32:43"
    },
    {
        "ID_Produto": "731225",
        "Categoria_Scraping": "bazar",
        "Nome": "Caderno Capa Preta A4 Pautado",
        "Marca": "Ancor",
        "Preco": 1.49,
        "Unidade_Info": "N/A",
        "Categorias_GTM": "Categoria Referência SFCC, Bazar, Cadernos, Blocos e Arquivo, Papelaria",
        "Data_Coleta": "2025-06-01 02:32:43"
    },
    {
        "ID_Produto": "731226",
        "Categoria_Scraping": "bazar",
        "Nome": "Caderno Capa Preta A4 Quadriculado",
        "Marca": "Ancor",
        "Preco": 1.49,
        "Unidade_Info": "N/A",
        "Categorias_GTM": "Categoria Referência SFCC, Bazar, Cadernos, Blocos e Arquivo, Papelaria",
        "Data_Coleta": "2025-06-01 02:32:43"
    },
    {
        "ID_Produto": "731229",
        "Categoria_Scraping": "bazar",
        "Nome": "Caderno de Capa Preta A5",
        "Marca": "Ancor",
        "Preco": 1.19,
        "Unidade_Info": "N/A",
        "Categorias_GTM": "Categoria Referência SFCC, Bazar, Cadernos, Blocos e Arquivo, Papelaria",
        "Data_Coleta": "2025-06-01 02:32:43"
    },
    {
        "ID_Produto": "731228",
        "Categoria_Scraping": "bazar",
        "Nome": "Caderno de Capa Preta A5 Pautado",
        "Marca": "Ancor",
        "Preco": 1.19,
        "Unidade_Info": "N/A",
        "Categorias_GTM": "Categoria Referência SFCC, Bazar, Cadernos, Blocos e Arquivo, Papelaria",
        "Data_Coleta": "2025-06-01 02:32:43"
    },
    {
        "ID_Produto": "11522",
        "Categoria_Scraping": "bazar",
        "Nome": "Caderno Espiral A5 Pautado 80 Folhas",
        "Marca": "Firmo",
        "Preco": 1.49,
        "Unidade_Info": "N/A",
        "Categorias_GTM": "Bazar, Cadernos, Blocos e Arquivo, Papelaria, Categoria Referência SFCC",
        "Data_Coleta": "2025-06-01 02:32:43"
    },
    {
        "ID_Produto": "11525",
        "Categoria_Scraping": "bazar",
        "Nome": "Caderno Espiral A5 Quadriculado 80 Folhas",
        "Marca": "Firmo",
        "Preco": 1.49,
        "Unidade_Info": "N/A",
        "Categorias_GTM": "Bazar, Cadernos, Blocos e Arquivo, Papelaria, Categoria Referência SFCC",
        "Data_Coleta": "2025-06-01 02:32:43"
    },
    {
        "ID_Produto": "228680",
        "Categoria_Scraping": "bazar",
        "Nome": "Caderno para Desenhar A4 24 Folhas",
        "Marca": "Firmo",
        "Preco": 1.99,
        "Unidade_Info": "N/A",
        "Categorias_GTM": "Bazar, Cadernos, Blocos e Arquivo, Papelaria, Categoria Referência SFCC",
        "Data_Coleta": "2025-06-01 02:32:43"
    },
    {
        "ID_Produto": "936060",
        "Categoria_Scraping": "bazar",
        "Nome": "Caixa de Ovos",
        "Marca": "Plástico Forte",
        "Preco": 1.99,
        "Unidade_Info": "N/A",
        "Categorias_GTM": "Categoria Referência SFCC, Bazar, Pequenos Domésticos, Poupe Esta Semana, Promoções",
        "Data_Coleta": "2025-06-01 02:32:43"
    },
    {
        "ID_Produto": "879797",
        "Categoria_Scraping": "bazar",
        "Nome": "Caixa Hermética de Vidro 1,5L",
        "Marca": "Smukee",
        "Preco": 5.99,
        "Unidade_Info": "N/A",
        "Categorias_GTM": "Bazar, Pequenos Domésticos, Promoções, Poupe Esta Semana, Categoria Referência SFCC",
        "Data_Coleta": "2025-06-01 02:32:43"
    },
    {
        "ID_Produto": "924929",
        "Categoria_Scraping": "bazar",
        "Nome": "Caixa Quadrada Vidro",
        "Marca": "Smukee",
        "Preco": 2.99,
        "Unidade_Info": "N/A",
        "Categorias_GTM": "Promoções, Bazar, Pequenos Domésticos, Poupe Esta Semana, Categoria Referência SFCC",
        "Data_Coleta": "2025-06-01 02:32:43"
    },
    {
        "ID_Produto": "924930",
        "Categoria_Scraping": "bazar",
        "Nome": "Caixa Quadrada Vidro 800ml",
        "Marca": "Smukee",
        "Preco": 3.99,
        "Unidade_Info": "N/A",
        "Categorias_GTM": "Poupe Esta Semana, Promoções, Categoria Referência SFCC, Bazar, Pequenos Domésticos",
        "Data_Coleta": "2025-06-01 02:32:49"
    },
    {
        "ID_Produto": "924931",
        "Categoria_Scraping": "bazar",
        "Nome": "Caixa Retangular de Vidro 600ml Smukee1 un",
        "Marca": "Smukee",
        "Preco": 3.69,
        "Unidade_Info": "N/A",
        "Categorias_GTM": "Promoções, Poupe Esta Semana, Categoria Referência SFCC, Bazar, Pequenos Domésticos",
        "Data_Coleta": "2025-06-01 02:32:49"
    },
    {
        "ID_Produto": "863503",
        "Categoria_Scraping": "bazar",
        "Nome": "Cálice Flute 17cl",
        "Marca": "Servotel",
        "Preco": 1.79,
        "Unidade_Info": "N/A",
        "Categorias_GTM": "Bazar, Pequenos Domésticos, Categoria Referência SFCC",
        "Data_Coleta": "2025-06-01 02:32:49"
    },
    {
        "ID_Produto": "863504",
        "Categoria_Scraping": "bazar",
        "Nome": "Cálice Flute 35cl",
        "Marca": "Servotel",
        "Preco": 1.59,
        "Unidade_Info": "N/A",
        "Categorias_GTM": "Bazar, Pequenos Domésticos, Categoria Referência SFCC",
        "Data_Coleta": "2025-06-01 02:32:49"
    },
    {
        "ID_Produto": "863505",
        "Categoria_Scraping": "bazar",
        "Nome": "Cálice Flute 45cl",
        "Marca": "Irmãos Peixoto",
        "Preco": 1.59,
        "Unidade_Info": "N/A",
        "Categorias_GTM": "Bazar, Pequenos Domésticos, Categoria Referência SFCC",
        "Data_Coleta": "2025-06-01 02:32:49"
    },
    {
        "ID_Produto": "863506",
        "Categoria_Scraping": "bazar",
        "Nome": "Cálice Flute 61cl",
        "Marca": "Servotel",
        "Preco": 1.79,
        "Unidade_Info": "N/A",
        "Categorias_GTM": "Bazar, Pequenos Domésticos, Categoria Referência SFCC",
        "Data_Coleta": "2025-06-01 02:32:49"
    },
    {
        "ID_Produto": "738218",
        "Categoria_Scraping": "bazar",
        "Nome": "Cálice Gin 60cl",
        "Marca": "Crisal",
        "Preco": 2.49,
        "Unidade_Info": "N/A",
        "Categorias_GTM": "Bazar, Pequenos Domésticos, Categoria Referência SFCC",
        "Data_Coleta": "2025-06-01 02:32:49"
    },
    {
        "ID_Produto": "967048",
        "Categoria_Scraping": "bazar",
        "Nome": "Canetas de Feltro Kids 12 unidades",
        "Marca": "BIC",
        "Preco": 4.49,
        "Unidade_Info": "N/A",
        "Categorias_GTM": "Bazar, Material de Escrita e Desenho, Papelaria, Categoria Referência SFCC",
        "Data_Coleta": "2025-06-01 02:32:49"
    },
    {
        "ID_Produto": "551502",
        "Categoria_Scraping": "bazar",
        "Nome": "Canetas de Feltro Ultra Laváveis Maped 12+ 3 Grátis",
        "Marca": "Maped",
        "Preco": 5.89,
        "Unidade_Info": "N/A",
        "Categorias_GTM": "Categoria Referência SFCC, Bazar, Material de Escrita e Desenho, Papelaria",
        "Data_Coleta": "2025-06-01 02:32:49"
    },
    {
        "ID_Produto": "890520",
        "Categoria_Scraping": "bazar",
        "Nome": "Canetas Sublinhar Cores Pastel",
        "Marca": "BIC",
        "Preco": 3.99,
        "Unidade_Info": "N/A",
        "Categorias_GTM": "Bazar, Material de Escrita e Desenho, Papelaria, Categoria Referência SFCC",
        "Data_Coleta": "2025-06-01 02:32:49"
    },
    {
        "ID_Produto": "923158",
        "Categoria_Scraping": "bazar",
        "Nome": "Capa de Volante",
        "Marca": "Max",
        "Preco": 7.99,
        "Unidade_Info": "N/A",
        "Categorias_GTM": "Automóvel, Bazar, Categoria Referência SFCC",
        "Data_Coleta": "2025-06-01 02:32:49"
    },
    {
        "ID_Produto": "614291",
        "Categoria_Scraping": "bazar",
        "Nome": "Capa Fluor Line A4 com Elástico",
        "Marca": "Artimbal",
        "Preco": 1.49,
        "Unidade_Info": "N/A",
        "Categorias_GTM": "Categoria Referência SFCC, Bazar, Papelaria, Cadernos, Blocos e Arquivo",
        "Data_Coleta": "2025-06-01 02:32:49"
    },
    {
        "ID_Produto": "614292",
        "Categoria_Scraping": "bazar",
        "Nome": "Capa Fluor Line A4 PP com 20 Bolsas Plásticas",
        "Marca": "Artimbal",
        "Preco": 2.39,
        "Unidade_Info": "N/A",
        "Categorias_GTM": "Categoria Referência SFCC, Bazar, Cadernos, Blocos e Arquivo, Papelaria",
        "Data_Coleta": "2025-06-01 02:32:55"
    },
    {
        "ID_Produto": "917240",
        "Categoria_Scraping": "bazar",
        "Nome": "Carro 1:32",
        "Marca": "Bburago",
        "Preco": 6.99,
        "Unidade_Info": "N/A",
        "Categorias_GTM": "Bazar, Brinquedos, Poupe Esta Semana, Promoções, Categoria Referência SFCC",
        "Data_Coleta": "2025-06-01 02:32:55"
    },
    {
        "ID_Produto": "964643",
        "Categoria_Scraping": "bazar",
        "Nome": "Carro Obras Júnior",
        "Marca": "Joinco",
        "Preco": 3.99,
        "Unidade_Info": "N/A",
        "Categorias_GTM": "Bazar, Brinquedos, Poupe Esta Semana, Promoções, Categoria Referência SFCC",
        "Data_Coleta": "2025-06-01 02:32:55"
    },
    {
        "ID_Produto": "887451",
        "Categoria_Scraping": "bazar",
        "Nome": "Cesto Isto 28L",
        "Marca": "Smukee",
        "Preco": 9.99,
        "Unidade_Info": "N/A",
        "Categorias_GTM": "Bazar, Pequenos Domésticos, Categoria Referência SFCC, Poupe Esta Semana, Promoções",
        "Data_Coleta": "2025-06-01 02:32:55"
    },
    {
        "ID_Produto": "576301",
        "Categoria_Scraping": "bazar",
        "Nome": "Champô para Carro",
        "Marca": "Redex",
        "Preco": 5.99,
        "Unidade_Info": "N/A",
        "Categorias_GTM": "Automóvel, Bazar, Categoria Referência SFCC",
        "Data_Coleta": "2025-06-01 02:32:55"
    },
    {
        "ID_Produto": "944698",
        "Categoria_Scraping": "bazar",
        "Nome": "Chinelos Praia",
        "Marca": "Licenças",
        "Preco": 3.49,
        "Unidade_Info": "N/A",
        "Categorias_GTM": "Bazar, Jardim, Categoria Referência SFCC, Poupe Esta Semana, Promoções",
        "Data_Coleta": "2025-06-01 02:32:55"
    },
    {
        "ID_Produto": "860848",
        "Categoria_Scraping": "bazar",
        "Nome": "Classificador com Ferragens",
        "Marca": "Mab",
        "Preco": 0.69,
        "Unidade_Info": "N/A",
        "Categorias_GTM": "Bazar, Cadernos, Blocos e Arquivo, Papelaria, Categoria Referência SFCC",
        "Data_Coleta": "2025-06-01 02:32:55"
    },
    {
        "ID_Produto": "95838",
        "Categoria_Scraping": "bazar",
        "Nome": "Cola Universal",
        "Marca": "UHU",
        "Preco": 2.65,
        "Unidade_Info": "N/A",
        "Categorias_GTM": "Papelaria, Bazar, Cadernos, Blocos e Arquivo, Categoria Referência SFCC",
        "Data_Coleta": "2025-06-01 02:32:55"
    },
    {
        "ID_Produto": "555446",
        "Categoria_Scraping": "bazar",
        "Nome": "Cola Universal Forte em Tubo",
        "Marca": "UHU",
        "Preco": 3.7,
        "Unidade_Info": "N/A",
        "Categorias_GTM": "Categoria Referência SFCC, Bazar, Cadernos, Blocos e Arquivo, Papelaria",
        "Data_Coleta": "2025-06-01 02:32:55"
    },
    {
        "ID_Produto": "887608",
        "Categoria_Scraping": "bazar",
        "Nome": "Colchão Tripartido Slim",
        "Marca": "Saurium",
        "Preco": 14.99,
        "Unidade_Info": "N/A",
        "Categorias_GTM": "Poupe Esta Semana, Promoções, Categoria Referência SFCC, Bazar, Jardim",
        "Data_Coleta": "2025-06-01 02:32:55"
    },
    {
        "ID_Produto": "867820",
        "Categoria_Scraping": "bazar",
        "Nome": "Comando de Jogos Aprender a Brincar",
        "Marca": "Fisher-Price",
        "Preco": 14.99,
        "Unidade_Info": "N/A",
        "Categorias_GTM": "Bazar, Brinquedos, Poupe Esta Semana, Promoções, Categoria Referência SFCC",
        "Data_Coleta": "2025-06-01 02:32:55"
    },
    {
        "ID_Produto": "946800",
        "Categoria_Scraping": "bazar",
        "Nome": "Compasso 3 Peças",
        "Marca": "Maped",
        "Preco": 5.19,
        "Unidade_Info": "N/A",
        "Categorias_GTM": "Categoria Referência SFCC, Bazar, Material de Escrita e Desenho, Papelaria",
        "Data_Coleta": "2025-06-01 02:32:55"
    },
    {
        "ID_Produto": "771043",
        "Categoria_Scraping": "bazar",
        "Nome": "Concha Inox com Pega de Plástico",
        "Marca": "Smukee",
        "Preco": 1.99,
        "Unidade_Info": "N/A",
        "Categorias_GTM": "Categoria Referência SFCC, Bazar, Pequenos Domésticos, Poupe Esta Semana, Promoções",
        "Data_Coleta": "2025-06-01 02:33:01"
    },
    {
        "ID_Produto": "865228",
        "Categoria_Scraping": "bazar",
        "Nome": "Conjunto 18 Cubos de Gelo 4 Cores",
        "Marca": "AR Kitchen",
        "Preco": 1.49,
        "Unidade_Info": "N/A",
        "Categorias_GTM": "Bazar, Pequenos Domésticos, Poupe Esta Semana, Promoções, Categoria Referência SFCC",
        "Data_Coleta": "2025-06-01 02:33:01"
    },
    {
        "ID_Produto": "938412",
        "Categoria_Scraping": "bazar",
        "Nome": "Conjunto 2 Almofadas",
        "Marca": "VZT Home",
        "Preco": 9.99,
        "Unidade_Info": "N/A",
        "Categorias_GTM": "Bazar, Jardim, Promoções, Categoria Referência SFCC, Poupe Esta Semana",
        "Data_Coleta": "2025-06-01 02:33:01"
    },
    {
        "ID_Produto": "776371",
        "Categoria_Scraping": "bazar",
        "Nome": "Conjunto 2 Frigideiras Prática Plus",
        "Marca": "Celar",
        "Preco": 14.99,
        "Unidade_Info": "N/A",
        "Categorias_GTM": "Poupe Esta Semana, Promoções, Categoria Referência SFCC, Bazar, Pequenos Domésticos",
        "Data_Coleta": "2025-06-01 02:33:01"
    },
    {
        "ID_Produto": "912156",
        "Categoria_Scraping": "bazar",
        "Nome": "Conjunto 2 Sacos Frutas e Legumes Reutilizável",
        "Marca": "Nossa Fruta e Legumes",
        "Preco": 0.49,
        "Unidade_Info": "N/A",
        "Categorias_GTM": "Categoria Referência SFCC, Frutas e Vegetais, Sacos de Compras",
        "Data_Coleta": "2025-06-01 02:33:01"
    },
    {
        "ID_Produto": "956836",
        "Categoria_Scraping": "bazar",
        "Nome": "Conjunto 3 Caixas com Tampa Mola",
        "Marca": "Smukee",
        "Preco": 3.99,
        "Unidade_Info": "N/A",
        "Categorias_GTM": "Bazar, Pequenos Domésticos, Categoria Referência SFCC, Poupe Esta Semana, Promoções",
        "Data_Coleta": "2025-06-01 02:33:01"
    },
    {
        "ID_Produto": "923364",
        "Categoria_Scraping": "bazar",
        "Nome": "Conjunto 3 Facas de Cozinha",
        "Marca": "Smukee",
        "Preco": 6.99,
        "Unidade_Info": "N/A",
        "Categorias_GTM": "Promoções, Bazar, Pequenos Domésticos, Poupe Esta Semana, Categoria Referência SFCC",
        "Data_Coleta": "2025-06-01 02:33:01"
    },
    {
        "ID_Produto": "818363",
        "Categoria_Scraping": "bazar",
        "Nome": "Conjunto 3 Frigideiras Antiaderentes",
        "Marca": "Smukee",
        "Preco": 5.99,
        "Unidade_Info": "N/A",
        "Categorias_GTM": "Poupe Esta Semana, Promoções, Categoria Referência SFCC, Bazar, Pequenos Domésticos",
        "Data_Coleta": "2025-06-01 02:33:01"
    },
    {
        "ID_Produto": "862568",
        "Categoria_Scraping": "bazar",
        "Nome": "Conjunto 3 Gavetas 39X28,5X58,5cm",
        "Marca": "Plástico Forte",
        "Preco": 16.99,
        "Unidade_Info": "N/A",
        "Categorias_GTM": "Poupe Esta Semana, Promoções, Categoria Referência SFCC, Bazar, Pequenos Domésticos",
        "Data_Coleta": "2025-06-01 02:33:01"
    },
    {
        "ID_Produto": "700465",
        "Categoria_Scraping": "bazar",
        "Nome": "Conjunto 4 Caixas Herméticas Para líquidos 0,4l",
        "Marca": "Smukee",
        "Preco": 2.49,
        "Unidade_Info": "N/A",
        "Categorias_GTM": "Promoções, Categoria Referência SFCC, Poupe Esta Semana, Bazar, Pequenos Domésticos",
        "Data_Coleta": "2025-06-01 02:33:01"
    },
    {
        "ID_Produto": "908492",
        "Categoria_Scraping": "bazar",
        "Nome": "Conjunto 4 Palhinhas de Silicone",
        "Marca": "Smukee",
        "Preco": 1.99,
        "Unidade_Info": "N/A",
        "Categorias_GTM": "Poupe Esta Semana, Promoções, Categoria Referência SFCC, Bazar, Pequenos Domésticos",
        "Data_Coleta": "2025-06-01 02:33:01"
    },
    {
        "ID_Produto": "688922",
        "Categoria_Scraping": "bazar",
        "Nome": "Conjunto 4 Peças para Geometria",
        "Marca": "Maped",
        "Preco": 3.59,
        "Unidade_Info": "N/A",
        "Categorias_GTM": "Categoria Referência SFCC, Bazar, Material de Escrita e Desenho, Papelaria",
        "Data_Coleta": "2025-06-01 02:33:01"
    },
    {
        "ID_Produto": "903157",
        "Categoria_Scraping": "bazar",
        "Nome": "Conjunto 4 Tampas Universais",
        "Marca": "Smukee",
        "Preco": 2.99,
        "Unidade_Info": "1 Un | 2,99 €/Un",
        "Categorias_GTM": "Bazar, Pequenos Domésticos, Poupe Esta Semana, Promoções, Categoria Referência SFCC",
        "Data_Coleta": "2025-06-01 02:33:08"
    },
    {
        "ID_Produto": "960969",
        "Categoria_Scraping": "bazar",
        "Nome": "Conjunto 60 Marcadores Dupla Ponta",
        "Marca": "Kayet",
        "Preco": 11.99,
        "Unidade_Info": "N/A",
        "Categorias_GTM": "Poupe Esta Semana, Promoções, Bazar, Material de Escrita e Desenho, Papelaria",
        "Data_Coleta": "2025-06-01 02:33:08"
    },
    {
        "ID_Produto": "620359",
        "Categoria_Scraping": "bazar",
        "Nome": "Conjunto de Colheres de Madeira 30cm",
        "Marca": "Jomafe",
        "Preco": 2.79,
        "Unidade_Info": "N/A",
        "Categorias_GTM": "Categoria Referência SFCC, Bazar, Pequenos Domésticos",
        "Data_Coleta": "2025-06-01 02:33:08"
    },
    {
        "ID_Produto": "833116",
        "Categoria_Scraping": "bazar",
        "Nome": "Conjunto de Espátula e Colher de Madeira 30cm",
        "Marca": "Jomafe",
        "Preco": 2.99,
        "Unidade_Info": "N/A",
        "Categorias_GTM": "Categoria Referência SFCC, Bazar, Pequenos Domésticos",
        "Data_Coleta": "2025-06-01 02:33:08"
    },
    {
        "ID_Produto": "979118",
        "Categoria_Scraping": "bazar",
        "Nome": "Conjunto Ferramentas",
        "Marca": "Niteo",
        "Preco": 12.99,
        "Unidade_Info": "N/A",
        "Categorias_GTM": "Casa, Jardim, Poupe Esta Semana, Promoções, Categoria Referência SFCC",
        "Data_Coleta": "2025-06-01 02:33:08"
    },
    {
        "ID_Produto": "890319",
        "Categoria_Scraping": "bazar",
        "Nome": "Conjunto Pequeno-Almoço Tigela + Caneca",
        "Marca": "Smukee",
        "Preco": 4.99,
        "Unidade_Info": "N/A",
        "Categorias_GTM": "Bazar, Pequenos Domésticos, Poupe Esta Semana, Promoções, Categoria Referência SFCC",
        "Data_Coleta": "2025-06-01 02:33:08"
    },
    {
        "ID_Produto": "958515",
        "Categoria_Scraping": "bazar",
        "Nome": "Copo 30cl",
        "Marca": "Pasabache",
        "Preco": 1.49,
        "Unidade_Info": "N/A",
        "Categorias_GTM": "Categoria Referência SFCC, Bazar, Pequenos Domésticos",
        "Data_Coleta": "2025-06-01 02:33:08"
    },
    {
        "ID_Produto": "101005",
        "Categoria_Scraping": "bazar",
        "Nome": "Copo Barro Direito nº0",
        "Marca": "Socerâmica",
        "Preco": 2.39,
        "Unidade_Info": "N/A",
        "Categorias_GTM": "Bazar, Pequenos Domésticos, Poupe Esta Semana, Promoções, Categoria Referência SFCC",
        "Data_Coleta": "2025-06-01 02:33:08"
    },
    {
        "ID_Produto": "916328",
        "Categoria_Scraping": "bazar",
        "Nome": "Copo Sicilia",
        "Marca": "Anilar",
        "Preco": 1.49,
        "Unidade_Info": "N/A",
        "Categorias_GTM": "Bazar, Pequenos Domésticos, Poupe Esta Semana, Promoções, Categoria Referência SFCC",
        "Data_Coleta": "2025-06-01 02:33:08"
    },
    {
        "ID_Produto": "645454",
        "Categoria_Scraping": "bazar",
        "Nome": "Cortante Maxi 18mm",
        "Marca": "Maped",
        "Preco": 1.49,
        "Unidade_Info": "N/A",
        "Categorias_GTM": "Bazar, Material de Escrita e Desenho, Papelaria, Categoria Referência SFCC",
        "Data_Coleta": "2025-06-01 02:33:08"
    },
    {
        "ID_Produto": "909590",
        "Categoria_Scraping": "bazar",
        "Nome": "Cuvete Gelo Tampa",
        "Marca": "Smukee",
        "Preco": 1.49,
        "Unidade_Info": "N/A",
        "Categorias_GTM": "Bazar, Poupe Esta Semana, Promoções, Categoria Referência SFCC, Poupe Este Fim De Semana",
        "Data_Coleta": "2025-06-01 02:33:08"
    },
    {
        "ID_Produto": "771144",
        "Categoria_Scraping": "bazar",
        "Nome": "Descascador Básic",
        "Marca": "Smukee",
        "Preco": 1.74,
        "Unidade_Info": "N/A",
        "Categorias_GTM": "Categoria Referência SFCC, Bazar, Pequenos Domésticos, Poupe Esta Semana, Promoções",
        "Data_Coleta": "2025-06-01 02:33:08"
    },
    {
        "ID_Produto": "910250",
        "Categoria_Scraping": "bazar",
        "Nome": "Desifetante para Tecidos",
        "Marca": "Arbo",
        "Preco": 4.49,
        "Unidade_Info": "N/A",
        "Categorias_GTM": "Automóvel, Bazar, Categoria Referência SFCC",
        "Data_Coleta": "2025-06-01 02:33:14"
    },
    {
        "ID_Produto": "924932",
        "Categoria_Scraping": "bazar",
        "Nome": "Dispensador Água 3,5L",
        "Marca": "Smukee",
        "Preco": 7.49,
        "Unidade_Info": "N/A",
        "Categorias_GTM": "Categoria Referência SFCC, Bazar, Pequenos Domésticos, Poupe Esta Semana, Promoções",
        "Data_Coleta": "2025-06-01 02:33:14"
    },
    {
        "ID_Produto": "775903",
        "Categoria_Scraping": "bazar",
        "Nome": "Dispensador de Água com Depósito",
        "Marca": "Jocca",
        "Preco": 49.99,
        "Unidade_Info": "N/A",
        "Categorias_GTM": "Poupe Esta Semana, Categoria Referência SFCC, Promoções, Bazar, Pequenos Domésticos",
        "Data_Coleta": "2025-06-01 02:33:14"
    },
    {
        "ID_Produto": "214718",
        "Categoria_Scraping": "bazar",
        "Nome": "Envelopes",
        "Marca": "Office 7",
        "Preco": 1.39,
        "Unidade_Info": "25 Un | 0,06 €/Un",
        "Categorias_GTM": "Papelaria, Bazar, Cadernos, Blocos e Arquivo, Categoria Referência SFCC",
        "Data_Coleta": "2025-06-01 02:33:14"
    },
    {
        "ID_Produto": "760673",
        "Categoria_Scraping": "bazar",
        "Nome": "Envelopes C5 Silicone",
        "Marca": "Office 7",
        "Preco": 2.79,
        "Unidade_Info": "25 Un | 0,11 €/Un",
        "Categorias_GTM": "Categoria Referência SFCC, Bazar, Cadernos, Blocos e Arquivo, Papelaria",
        "Data_Coleta": "2025-06-01 02:33:14"
    },
    {
        "ID_Produto": "216658",
        "Categoria_Scraping": "bazar",
        "Nome": "Envelopes C6",
        "Marca": "Office 7",
        "Preco": 1.09,
        "Unidade_Info": "25 Un | 0,04 €/Un",
        "Categorias_GTM": "Bazar, Cadernos, Blocos e Arquivo, Papelaria, Categoria Referência SFCC",
        "Data_Coleta": "2025-06-01 02:33:14"
    },
    {
        "ID_Produto": "760672",
        "Categoria_Scraping": "bazar",
        "Nome": "Envelopes C6 Silicone",
        "Marca": "Office 7",
        "Preco": 1.79,
        "Unidade_Info": "25 Un | 0,07 €/Un",
        "Categorias_GTM": "Bazar, Cadernos, Blocos e Arquivo, Papelaria, Categoria Referência SFCC",
        "Data_Coleta": "2025-06-01 02:33:14"
    },
    {
        "ID_Produto": "760656",
        "Categoria_Scraping": "bazar",
        "Nome": "Envelopes DL Janela Silicone",
        "Marca": "Office 7",
        "Preco": 1.49,
        "Unidade_Info": "25 Un | 0,06 €/Un",
        "Categorias_GTM": "Categoria Referência SFCC, Bazar, Cadernos, Blocos e Arquivo, Papelaria",
        "Data_Coleta": "2025-06-01 02:33:14"
    },
    {
        "ID_Produto": "847895",
        "Categoria_Scraping": "bazar",
        "Nome": "Esferográfica Eye Micro Tinta/Preta",
        "Marca": "Uni-ball",
        "Preco": 2.79,
        "Unidade_Info": "N/A",
        "Categorias_GTM": "Categoria Referência SFCC, Bazar, Material de Escrita e Desenho, Papelaria",
        "Data_Coleta": "2025-06-01 02:33:14"
    },
    {
        "ID_Produto": "642923",
        "Categoria_Scraping": "bazar",
        "Nome": "Esferográficas Azul Cristal",
        "Marca": "BIC",
        "Preco": 2.49,
        "Unidade_Info": "N/A",
        "Categorias_GTM": "Categoria Referência SFCC, Bazar, Material de Escrita e Desenho, Papelaria",
        "Data_Coleta": "2025-06-01 02:33:14"
    },
    {
        "ID_Produto": "109780",
        "Categoria_Scraping": "bazar",
        "Nome": "Esferográficas Cristal",
        "Marca": "BIC",
        "Preco": 5.29,
        "Unidade_Info": "N/A",
        "Categorias_GTM": "Bazar, Material de Escrita e Desenho, Papelaria, Categoria Referência SFCC",
        "Data_Coleta": "2025-06-01 02:33:14"
    },
    {
        "ID_Produto": "762713",
        "Categoria_Scraping": "bazar",
        "Nome": "Esferográficas Cristal 4 Cores",
        "Marca": "BIC",
        "Preco": 3.39,
        "Unidade_Info": "N/A",
        "Categorias_GTM": "Categoria Referência SFCC, Bazar, Material de Escrita e Desenho, Papelaria",
        "Data_Coleta": "2025-06-01 02:33:14"
    },
    {
        "ID_Produto": "642924",
        "Categoria_Scraping": "bazar",
        "Nome": "Esferográficas Cristal Sortidas",
        "Marca": "BIC",
        "Preco": 2.49,
        "Unidade_Info": "N/A",
        "Categorias_GTM": "Categoria Referência SFCC, Bazar, Material de Escrita e Desenho, Papelaria",
        "Data_Coleta": "2025-06-01 02:33:20"
    },
    {
        "ID_Produto": "113151",
        "Categoria_Scraping": "bazar",
        "Nome": "Esferográficas Cristal Tinta Azul",
        "Marca": "BIC",
        "Preco": 5.15,
        "Unidade_Info": "N/A",
        "Categorias_GTM": "Bazar, Material de Escrita e Desenho, Papelaria, Categoria Referência SFCC",
        "Data_Coleta": "2025-06-01 02:33:20"
    },
    {
        "ID_Produto": "680686",
        "Categoria_Scraping": "bazar",
        "Nome": "Esferográficas Dourada e Prateada Cristal",
        "Marca": "BIC",
        "Preco": 3.99,
        "Unidade_Info": "N/A",
        "Categorias_GTM": "Categoria Referência SFCC, Bazar, Material de Escrita e Desenho, Papelaria",
        "Data_Coleta": "2025-06-01 02:33:20"
    },
    {
        "ID_Produto": "923868",
        "Categoria_Scraping": "bazar",
        "Nome": "Esferográficas Soft Feel",
        "Marca": "BIC",
        "Preco": 2.29,
        "Unidade_Info": "N/A",
        "Categorias_GTM": "Bazar, Material de Escrita e Desenho, Papelaria, Categoria Referência SFCC",
        "Data_Coleta": "2025-06-01 02:33:20"
    },
    {
        "ID_Produto": "925577",
        "Categoria_Scraping": "bazar",
        "Nome": "ESPREGUIÇADEIRA MALIBU ANTRACITE",
        "Marca": "Joluce",
        "Preco": 36.99,
        "Unidade_Info": "N/A",
        "Categorias_GTM": "Poupe Esta Semana, Promoções, Categoria Referência SFCC, Bazar, Poupe Este Fim De Semana",
        "Data_Coleta": "2025-06-01 02:33:20"
    },
    {
        "ID_Produto": "889889",
        "Categoria_Scraping": "bazar",
        "Nome": "Espremedor de Citrinos",
        "Marca": "Hoffen",
        "Preco": 14.99,
        "Unidade_Info": "N/A",
        "Categorias_GTM": "Bazar, Pequenos Domésticos, Categoria Referência SFCC",
        "Data_Coleta": "2025-06-01 02:33:20"
    },
    {
        "ID_Produto": "955473",
        "Categoria_Scraping": "bazar",
        "Nome": "Estante em Bambu - 3 Níveis",
        "Marca": "T2",
        "Preco": 24.99,
        "Unidade_Info": "N/A",
        "Categorias_GTM": "Categoria Referência SFCC, Poupe Esta Semana, Promoções, Bazar, Jardim",
        "Data_Coleta": "2025-06-01 02:33:20"
    },
    {
        "ID_Produto": "452343",
        "Categoria_Scraping": "bazar",
        "Nome": "Faca de Cozinha",
        "Marca": "Curel",
        "Preco": 4.99,
        "Unidade_Info": "N/A",
        "Categorias_GTM": "Bazar, Pequenos Domésticos, Categoria Referência SFCC",
        "Data_Coleta": "2025-06-01 02:33:20"
    },
    {
        "ID_Produto": "452341",
        "Categoria_Scraping": "bazar",
        "Nome": "Faca de Cozinha para legumes",
        "Marca": "Curel",
        "Preco": 3.99,
        "Unidade_Info": "N/A",
        "Categorias_GTM": "Categoria Referência SFCC, Bazar, Pequenos Domésticos",
        "Data_Coleta": "2025-06-01 02:33:20"
    },
    {
        "ID_Produto": "452349",
        "Categoria_Scraping": "bazar",
        "Nome": "Faca para legumes",
        "Marca": "Curel",
        "Preco": 4.49,
        "Unidade_Info": "N/A",
        "Categorias_GTM": "Categoria Referência SFCC, Bazar, Pequenos Domésticos",
        "Data_Coleta": "2025-06-01 02:33:20"
    },
    {
        "ID_Produto": "100817",
        "Categoria_Scraping": "bazar",
        "Nome": "Faca para Legumes",
        "Marca": "Curel",
        "Preco": 3.99,
        "Unidade_Info": "N/A",
        "Categorias_GTM": "Categoria Referência SFCC, Bazar, Pequenos Domésticos",
        "Data_Coleta": "2025-06-01 02:33:20"
    },
    {
        "ID_Produto": "879695",
        "Categoria_Scraping": "bazar",
        "Nome": "Ferramenta de Jardinagem Sancho/Enxada",
        "Marca": "Gardenic",
        "Preco": 2.99,
        "Unidade_Info": "N/A",
        "Categorias_GTM": "Casa, Jardim, Poupe Esta Semana, Promoções, Categoria Referência SFCC",
        "Data_Coleta": "2025-06-01 02:33:20"
    },
    {
        "ID_Produto": "822590",
        "Categoria_Scraping": "bazar",
        "Nome": "Ferro de Engomar com Caldeira",
        "Marca": "Hoffen",
        "Preco": 54.99,
        "Unidade_Info": "N/A",
        "Categorias_GTM": "Bazar, Pequenos Domésticos, Categoria Referência SFCC, Poupe Este Fim De Semana, Promoções",
        "Data_Coleta": "2025-06-01 02:33:27"
    },
    {
        "ID_Produto": "911524",
        "Categoria_Scraping": "bazar",
        "Nome": "Ferro de Engomar FENK-H087",
        "Marca": "Hoffen",
        "Preco": 24.99,
        "Unidade_Info": "N/A",
        "Categorias_GTM": "Bazar, Pequenos Domésticos, Categoria Referência SFCC, Poupe Este Fim De Semana, Promoções",
        "Data_Coleta": "2025-06-01 02:33:27"
    },
    {
        "ID_Produto": "921644",
        "Categoria_Scraping": "bazar",
        "Nome": "Figura de Ação - Batman",
        "Marca": "Batman",
        "Preco": 14.99,
        "Unidade_Info": "N/A",
        "Categorias_GTM": "Bazar, Brinquedos, Categoria Referência SFCC, Poupe Esta Semana, Promoções",
        "Data_Coleta": "2025-06-01 02:33:27"
    },
    {
        "ID_Produto": "963034",
        "Categoria_Scraping": "bazar",
        "Nome": "Figura de Ação Olympus",
        "Marca": "Hasbro",
        "Preco": 16.99,
        "Unidade_Info": "N/A",
        "Categorias_GTM": "Bazar, Brinquedos, Poupe Esta Semana, Promoções, Categoria Referência SFCC",
        "Data_Coleta": "2025-06-01 02:33:27"
    },
    {
        "ID_Produto": "922021",
        "Categoria_Scraping": "bazar",
        "Nome": "Figuras de Ação - Marvel",
        "Marca": "Marvel",
        "Preco": 9.49,
        "Unidade_Info": "N/A",
        "Categorias_GTM": "Bazar, Brinquedos, Poupe Esta Semana, Promoções, Categoria Referência SFCC",
        "Data_Coleta": "2025-06-01 02:33:27"
    },
    {
        "ID_Produto": "963037",
        "Categoria_Scraping": "bazar",
        "Nome": "Figuras Webspinner",
        "Marca": "Hasbro",
        "Preco": 12.99,
        "Unidade_Info": "N/A",
        "Categorias_GTM": "Bazar, Brinquedos, Poupe Esta Semana, Promoções, Categoria Referência SFCC",
        "Data_Coleta": "2025-06-01 02:33:27"
    },
    {
        "ID_Produto": "700475",
        "Categoria_Scraping": "bazar",
        "Nome": "Filtro para Jarro de Água 2,4l",
        "Marca": "Smukee",
        "Preco": 2.99,
        "Unidade_Info": "N/A",
        "Categorias_GTM": "Categoria Referência SFCC, Bazar, Pequenos Domésticos, Poupe Este Fim De Semana, Poupe Esta Semana",
        "Data_Coleta": "2025-06-01 02:33:27"
    },
    {
        "ID_Produto": "703935",
        "Categoria_Scraping": "bazar",
        "Nome": "Fita Adesiva Recarga Transparente 33m x 15mm",
        "Marca": "UHU",
        "Preco": 2.15,
        "Unidade_Info": "N/A",
        "Categorias_GTM": "Categoria Referência SFCC, Bazar, Material de Escrita e Desenho, Papelaria",
        "Data_Coleta": "2025-06-01 02:33:27"
    },
    {
        "ID_Produto": "724120",
        "Categoria_Scraping": "bazar",
        "Nome": "Fita Adesiva Standard Pintura 50X25mm",
        "Marca": "Tesa",
        "Preco": 1.99,
        "Unidade_Info": "N/A",
        "Categorias_GTM": "Poupe Esta Semana, Promoções, Categoria Referência SFCC, Bazar, Jardim",
        "Data_Coleta": "2025-06-01 02:33:27"
    },
    {
        "ID_Produto": "923498",
        "Categoria_Scraping": "bazar",
        "Nome": "Floreira com Suporte",
        "Marca": "Plástico Forte",
        "Preco": 7.49,
        "Unidade_Info": "N/A",
        "Categorias_GTM": "Promoções, Poupe Esta Semana, Categoria Referência SFCC, Casa, Jardim",
        "Data_Coleta": "2025-06-01 02:33:27"
    },
    {
        "ID_Produto": "924307",
        "Categoria_Scraping": "bazar",
        "Nome": "Fogareiro Retangular Grande",
        "Marca": "Delba",
        "Preco": 15.99,
        "Unidade_Info": "N/A",
        "Categorias_GTM": "Bazar, Jardim, Poupe Esta Semana, Promoções, Categoria Referência SFCC",
        "Data_Coleta": "2025-06-01 02:33:27"
    },
    {
        "ID_Produto": "821521",
        "Categoria_Scraping": "bazar",
        "Nome": "Fogareiro Retangular Pequeno",
        "Marca": "Delba",
        "Preco": 9.99,
        "Unidade_Info": "N/A",
        "Categorias_GTM": "Poupe Esta Semana, Promoções, Categoria Referência SFCC, Bazar, Jardim",
        "Data_Coleta": "2025-06-01 02:33:27"
    },
    {
        "ID_Produto": "887460",
        "Categoria_Scraping": "bazar",
        "Nome": "Formas Gelados/Cubos de Gelo",
        "Marca": "Smukee",
        "Preco": 1.49,
        "Unidade_Info": "N/A",
        "Categorias_GTM": "Poupe Esta Semana, Promoções, Categoria Referência SFCC, Bazar, Pequenos Domésticos",
        "Data_Coleta": "2025-06-01 02:33:33"
    },
    {
        "ID_Produto": "913233",
        "Categoria_Scraping": "bazar",
        "Nome": "Forma Tarte + Forme com 2 Bases",
        "Marca": "Smukee",
        "Preco": 9.99,
        "Unidade_Info": "N/A",
        "Categorias_GTM": "Bazar, Pequenos Domésticos, Categoria Referência SFCC, Poupe Esta Semana, Promoções",
        "Data_Coleta": "2025-06-01 02:33:33"
    },
    {
        "ID_Produto": "964447",
        "Categoria_Scraping": "bazar",
        "Nome": "Forno Especial Pizza",
        "Marca": "Hoffen",
        "Preco": 31.99,
        "Unidade_Info": "N/A",
        "Categorias_GTM": "Promoções, Bazar, Pequenos Domésticos, Poupe Esta Semana, Categoria Referência SFCC",
        "Data_Coleta": "2025-06-01 02:33:33"
    },
    {
        "ID_Produto": "654517",
        "Categoria_Scraping": "bazar",
        "Nome": "Frasco de Vidro Transparante 1,5L",
        "Marca": "Bormioli",
        "Preco": 3.59,
        "Unidade_Info": "N/A",
        "Categorias_GTM": "Bazar, Pequenos Domésticos, Categoria Referência SFCC, Poupe Esta Semana, Promoções",
        "Data_Coleta": "2025-06-01 02:33:33"
    },
    {
        "ID_Produto": "654516",
        "Categoria_Scraping": "bazar",
        "Nome": "Frasco de Vidro Transparante 1L",
        "Marca": "Bormioli",
        "Preco": 2.79,
        "Unidade_Info": "N/A",
        "Categorias_GTM": "Categoria Referência SFCC, Bazar, Pequenos Domésticos, Poupe Esta Semana, Promoções",
        "Data_Coleta": "2025-06-01 02:33:33"
    },
    {
        "ID_Produto": "654515",
        "Categoria_Scraping": "bazar",
        "Nome": "Frasco de Vidro Transparante 5cl",
        "Marca": "Bormioli",
        "Preco": 2.49,
        "Unidade_Info": "N/A",
        "Categorias_GTM": "Categoria Referência SFCC, Bazar, Pequenos Domésticos, Poupe Este Fim De Semana, Poupe Esta Semana",
        "Data_Coleta": "2025-06-01 02:33:33"
    },
    {
        "ID_Produto": "882773",
        "Categoria_Scraping": "bazar",
        "Nome": "Frigideira 20cm",
        "Marca": "Celar",
        "Preco": 10.99,
        "Unidade_Info": "N/A",
        "Categorias_GTM": "Bazar, Pequenos Domésticos, Categoria Referência SFCC, Poupe Esta Semana, Promoções",
        "Data_Coleta": "2025-06-01 02:33:33"
    },
    {
        "ID_Produto": "882774",
        "Categoria_Scraping": "bazar",
        "Nome": "Frigideira 24cm",
        "Marca": "Celar",
        "Preco": 12.99,
        "Unidade_Info": "N/A",
        "Categorias_GTM": "Bazar, Pequenos Domésticos, Categoria Referência SFCC, Poupe Esta Semana, Promoções",
        "Data_Coleta": "2025-06-01 02:33:33"
    },
    {
        "ID_Produto": "882775",
        "Categoria_Scraping": "bazar",
        "Nome": "Frigideira 28cm",
        "Marca": "Celar",
        "Preco": 13.99,
        "Unidade_Info": "N/A",
        "Categorias_GTM": "Bazar, Pequenos Domésticos, Categoria Referência SFCC, Poupe Este Fim De Semana, Poupe Esta Semana",
        "Data_Coleta": "2025-06-01 02:33:33"
    },
    {
        "ID_Produto": "968753",
        "Categoria_Scraping": "bazar",
        "Nome": "Fritadeira 5L Branca",
        "Marca": "Hoffen",
        "Preco": 49.99,
        "Unidade_Info": "N/A",
        "Categorias_GTM": "Bazar, Pequenos Domésticos, Promoções, Poupe Esta Semana, Categoria Referência SFCC",
        "Data_Coleta": "2025-06-01 02:33:33"
    },
    {
        "ID_Produto": "808067",
        "Categoria_Scraping": "bazar",
        "Nome": "Fritadeira com Cesto Inox 24cm",
        "Marca": "Vieira",
        "Preco": 17.99,
        "Unidade_Info": "N/A",
        "Categorias_GTM": "Categoria Referência SFCC, Bazar, Pequenos Domésticos",
        "Data_Coleta": "2025-06-01 02:33:33"
    },
    {
        "ID_Produto": "973290",
        "Categoria_Scraping": "bazar",
        "Nome": "Fritadeira sem Óleo",
        "Marca": "Hoffen",
        "Preco": 59.99,
        "Unidade_Info": "N/A",
        "Categorias_GTM": "Bazar, Pequenos Domésticos, Promoções, Poupe Esta Semana, Categoria Referência SFCC",
        "Data_Coleta": "2025-06-01 02:33:33"
    },
    {
        "ID_Produto": "962725",
        "Categoria_Scraping": "bazar",
        "Nome": "Gabby'S Dollhouse - Boneca Gabby",
        "Marca": "Concentra",
        "Preco": 18.49,
        "Unidade_Info": "N/A",
        "Categorias_GTM": "N/A",
        "Data_Coleta": "2025-06-01 02:33:40"
    },
    {
        "ID_Produto": "962726",
        "Categoria_Scraping": "bazar",
        "Nome": "Gabby'S Dollhouse - Orelhas Musicais",
        "Marca": "Concentra",
        "Preco": 14.99,
        "Unidade_Info": "N/A",
        "Categorias_GTM": "N/A",
        "Data_Coleta": "2025-06-01 02:33:40"
    },
    {
        "ID_Produto": "938519",
        "Categoria_Scraping": "bazar",
        "Nome": "Garrafa de Vidro 1,1L",
        "Marca": "Smukee",
        "Preco": 3.99,
        "Unidade_Info": "N/A",
        "Categorias_GTM": "Pequenos Domésticos, Categoria Referência SFCC, Promoções, Poupe Esta Semana, Bazar",
        "Data_Coleta": "2025-06-01 02:33:40"
    },
    {
        "ID_Produto": "926261",
        "Categoria_Scraping": "bazar",
        "Nome": "Garrafa Molho",
        "Marca": "Plástico Forte",
        "Preco": 1.49,
        "Unidade_Info": "N/A",
        "Categorias_GTM": "Bazar, Pequenos Domésticos, Poupe Esta Semana, Promoções, Categoria Referência SFCC",
        "Data_Coleta": "2025-06-01 02:33:40"
    },
    {
        "ID_Produto": "974384",
        "Categoria_Scraping": "bazar",
        "Nome": "Geleira Elétrica 18L",
        "Marca": "Atlantic",
        "Preco": 24.99,
        "Unidade_Info": "N/A",
        "Categorias_GTM": "Bazar, Jardim, Poupe Esta Semana, Promoções, Categoria Referência SFCC",
        "Data_Coleta": "2025-06-01 02:33:40"
    },
    {
        "ID_Produto": "911111",
        "Categoria_Scraping": "bazar",
        "Nome": "Geleira Térmica Passiva 24L",
        "Marca": "Atlantic",
        "Preco": 9.99,
        "Unidade_Info": "1 Un | 9,99 €/Un",
        "Categorias_GTM": "Promoções, Poupe Esta Semana, Categoria Referência SFCC, Bazar, Jardim",
        "Data_Coleta": "2025-06-01 02:33:40"
    },
    {
        "ID_Produto": "968408",
        "Categoria_Scraping": "bazar",
        "Nome": "Gerador Vapor",
        "Marca": "Rowenta",
        "Preco": 99.99,
        "Unidade_Info": "N/A",
        "Categorias_GTM": "Bazar, Pequenos Domésticos, Categoria Referência SFCC, Poupe Este Fim De Semana, Poupe Esta Semana",
        "Data_Coleta": "2025-06-01 02:33:40"
    },
    {
        "ID_Produto": "926848",
        "Categoria_Scraping": "bazar",
        "Nome": "Grelhador",
        "Marca": "Hoffen",
        "Preco": 21.99,
        "Unidade_Info": "N/A",
        "Categorias_GTM": "Bazar, Pequenos Domésticos, Poupe Esta Semana, Promoções, Categoria Referência SFCC",
        "Data_Coleta": "2025-06-01 02:33:40"
    },
    {
        "ID_Produto": "405626",
        "Categoria_Scraping": "bazar",
        "Nome": "Grelhador Flama",
        "Marca": "Flama",
        "Preco": 32.99,
        "Unidade_Info": "N/A",
        "Categorias_GTM": "Bazar, Pequenos Domésticos",
        "Data_Coleta": "2025-06-01 02:33:40"
    },
    {
        "ID_Produto": "766254",
        "Categoria_Scraping": "bazar",
        "Nome": "Grelhador Ondulado",
        "Marca": "Celar",
        "Preco": 17.99,
        "Unidade_Info": "N/A",
        "Categorias_GTM": "Promoções, Poupe Esta Semana, Bazar, Pequenos Domésticos, Categoria Referência SFCC",
        "Data_Coleta": "2025-06-01 02:33:40"
    },
    {
        "ID_Produto": "882776",
        "Categoria_Scraping": "bazar",
        "Nome": "Grelhador Quadrado Ondulado 26cm",
        "Marca": "Celar",
        "Preco": 15.99,
        "Unidade_Info": "N/A",
        "Categorias_GTM": "Bazar, Pequenos Domésticos, Poupe Esta Semana, Categoria Referência SFCC, Promoções",
        "Data_Coleta": "2025-06-01 02:33:40"
    },
    {
        "ID_Produto": "882890",
        "Categoria_Scraping": "bazar",
        "Nome": "Grelhador Spring Ondelado",
        "Marca": "Celar",
        "Preco": 18.99,
        "Unidade_Info": "N/A",
        "Categorias_GTM": "Bazar, Pequenos Domésticos, Categoria Referência SFCC, Poupe Esta Semana, Promoções",
        "Data_Coleta": "2025-06-01 02:33:40"
    },
    {
        "ID_Produto": "751885",
        "Categoria_Scraping": "bazar",
        "Nome": "Grelha Quadriculada 25X30cm",
        "Marca": "Delba",
        "Preco": 3.99,
        "Unidade_Info": "N/A",
        "Categorias_GTM": "Poupe Esta Semana, Categoria Referência SFCC, Bazar, Jardim, Promoções",
        "Data_Coleta": "2025-06-01 02:33:47"
    },
    {
        "ID_Produto": "878091",
        "Categoria_Scraping": "bazar",
        "Nome": "Guaches",
        "Marca": "Giotto",
        "Preco": 7.29,
        "Unidade_Info": "N/A",
        "Categorias_GTM": "Bazar, Material de Escrita e Desenho, Papelaria, Categoria Referência SFCC",
        "Data_Coleta": "2025-06-01 02:33:47"
    },
    {
        "ID_Produto": "959552",
        "Categoria_Scraping": "bazar",
        "Nome": "Jarro com Filtro",
        "Marca": "Brita",
        "Preco": 16.49,
        "Unidade_Info": "N/A",
        "Categorias_GTM": "Poupe Esta Semana, Promoções, Bazar, Pequenos Domésticos, Categoria Referência SFCC",
        "Data_Coleta": "2025-06-01 02:33:47"
    },
    {
        "ID_Produto": "964448",
        "Categoria_Scraping": "bazar",
        "Nome": "Jarro Elétrico",
        "Marca": "Hoffen",
        "Preco": 19.99,
        "Unidade_Info": "N/A",
        "Categorias_GTM": "Bazar, Pequenos Domésticos, Categoria Referência SFCC",
        "Data_Coleta": "2025-06-01 02:33:47"
    },
    {
        "ID_Produto": "700474",
        "Categoria_Scraping": "bazar",
        "Nome": "Jarro para Filtrar Água 2,4L",
        "Marca": "Smukee",
        "Preco": 14.99,
        "Unidade_Info": "N/A",
        "Categorias_GTM": "Categoria Referência SFCC, Bazar, Pequenos Domésticos, Poupe Esta Semana, Promoções",
        "Data_Coleta": "2025-06-01 02:33:47"
    },
    {
        "ID_Produto": "705140",
        "Categoria_Scraping": "bazar",
        "Nome": "Jogo Hedbanz",
        "Marca": "Concentra",
        "Preco": 19.49,
        "Unidade_Info": "N/A",
        "Categorias_GTM": "Categoria Referência SFCC, Bazar, Brinquedos, Poupe Esta Semana, Promoções",
        "Data_Coleta": "2025-06-01 02:33:47"
    },
    {
        "ID_Produto": "883600",
        "Categoria_Scraping": "bazar",
        "Nome": "Jogo Mauzão",
        "Marca": "Concentra",
        "Preco": 15.99,
        "Unidade_Info": "N/A",
        "Categorias_GTM": "Bazar, Brinquedos, Poupe Esta Semana, Promoções, Categoria Referência SFCC",
        "Data_Coleta": "2025-06-01 02:33:47"
    },
    {
        "ID_Produto": "750870",
        "Categoria_Scraping": "bazar",
        "Nome": "Jogo Mentiroso",
        "Marca": "Concentra",
        "Preco": 18.99,
        "Unidade_Info": "N/A",
        "Categorias_GTM": "Bazar, Brinquedos, Poupe Esta Semana, Promoções, Categoria Referência SFCC",
        "Data_Coleta": "2025-06-01 02:33:47"
    },
    {
        "ID_Produto": "688978",
        "Categoria_Scraping": "bazar",
        "Nome": "Jogo Monopoly",
        "Marca": "Monopoly",
        "Preco": 28.79,
        "Unidade_Info": "N/A",
        "Categorias_GTM": "Categoria Referência SFCC, Bazar, Brinquedos, Poupe Esta Semana, Promoções",
        "Data_Coleta": "2025-06-01 02:33:47"
    },
    {
        "ID_Produto": "971875",
        "Categoria_Scraping": "bazar",
        "Nome": "Jogo Pinta com Diamantes",
        "Marca": "Olivo",
        "Preco": 3.49,
        "Unidade_Info": "N/A",
        "Categorias_GTM": "Bazar, Brinquedos, Poupe Esta Semana, Promoções, Categoria Referência SFCC",
        "Data_Coleta": "2025-06-01 02:33:47"
    },
    {
        "ID_Produto": "777180",
        "Categoria_Scraping": "bazar",
        "Nome": "Jogo Quem é Quem?",
        "Marca": "Hasbro",
        "Preco": 9.49,
        "Unidade_Info": "N/A",
        "Categorias_GTM": "Poupe Esta Semana, Promoções, Bazar, Brinquedos, Categoria Referência SFCC",
        "Data_Coleta": "2025-06-01 02:33:47"
    },
    {
        "ID_Produto": "904621",
        "Categoria_Scraping": "bazar",
        "Nome": "Jogo Quem é quem?",
        "Marca": "Hasbro",
        "Preco": 17.99,
        "Unidade_Info": "N/A",
        "Categorias_GTM": "Bazar, Brinquedos, Poupe Esta Semana, Promoções, Categoria Referência SFCC",
        "Data_Coleta": "2025-06-01 02:33:47"
    },
    {
        "ID_Produto": "965039",
        "Categoria_Scraping": "bazar",
        "Nome": "Jogos Educativos Sortido",
        "Marca": "Clementoni",
        "Preco": 5.49,
        "Unidade_Info": "N/A",
        "Categorias_GTM": "Bazar, Brinquedos, Poupe Esta Semana, Promoções, Categoria Referência SFCC",
        "Data_Coleta": "2025-06-01 02:33:54"
    },
    {
        "ID_Produto": "971878",
        "Categoria_Scraping": "bazar",
        "Nome": "Jogo Sorido 2 em 1",
        "Marca": "Clementoni",
        "Preco": 11.99,
        "Unidade_Info": "N/A",
        "Categorias_GTM": "Bazar, Brinquedos, Poupe Esta Semana, Promoções, Categoria Referência SFCC",
        "Data_Coleta": "2025-06-01 02:33:54"
    },
    {
        "ID_Produto": "971900",
        "Categoria_Scraping": "bazar",
        "Nome": "Jogo Sortido Didático",
        "Marca": "Clementoni",
        "Preco": 4.69,
        "Unidade_Info": "N/A",
        "Categorias_GTM": "Bazar, Brinquedos, Poupe Esta Semana, Promoções, Categoria Referência SFCC",
        "Data_Coleta": "2025-06-01 02:33:54"
    },
    {
        "ID_Produto": "971877",
        "Categoria_Scraping": "bazar",
        "Nome": "Jogo Sortido Edukit",
        "Marca": "Clementoni",
        "Preco": 10.49,
        "Unidade_Info": "N/A",
        "Categorias_GTM": "Bazar, Brinquedos, Poupe Esta Semana, Promoções, Categoria Referência SFCC",
        "Data_Coleta": "2025-06-01 02:33:54"
    },
    {
        "ID_Produto": "921225",
        "Categoria_Scraping": "bazar",
        "Nome": "Ken Fashionista (vários modelos)",
        "Marca": "Barbie",
        "Preco": 12.99,
        "Unidade_Info": "N/A",
        "Categorias_GTM": "Bazar, Brinquedos, Poupe Esta Semana, Promoções, Categoria Referência SFCC",
        "Data_Coleta": "2025-06-01 02:33:54"
    },
    {
        "ID_Produto": "971521",
        "Categoria_Scraping": "bazar",
        "Nome": "Laboratório de Manicure",
        "Marca": "Clementoni",
        "Preco": 15.99,
        "Unidade_Info": "N/A",
        "Categorias_GTM": "Bazar, Brinquedos, Poupe Esta Semana, Promoções, Categoria Referência SFCC",
        "Data_Coleta": "2025-06-01 02:33:54"
    },
    {
        "ID_Produto": "731026",
        "Categoria_Scraping": "bazar",
        "Nome": "Lancheira 1L",
        "Marca": "Smukee",
        "Preco": 3.69,
        "Unidade_Info": "N/A",
        "Categorias_GTM": "Bazar, Pequenos Domésticos, Categoria Referência SFCC, Poupe Esta Semana, Promoções",
        "Data_Coleta": "2025-06-01 02:33:54"
    },
    {
        "ID_Produto": "944536",
        "Categoria_Scraping": "bazar",
        "Nome": "Lanterna LED Camping Solar",
        "Marca": "Aktive",
        "Preco": 5.99,
        "Unidade_Info": "N/A",
        "Categorias_GTM": "Categoria Referência SFCC, Poupe Esta Semana, Promoções, Bazar, Jardim",
        "Data_Coleta": "2025-06-01 02:33:54"
    },
    {
        "ID_Produto": "869432",
        "Categoria_Scraping": "bazar",
        "Nome": "Lápis Crafite Noris HB, Borracha e Afia",
        "Marca": "Staedtler",
        "Preco": 3.59,
        "Unidade_Info": "N/A",
        "Categorias_GTM": "Bazar, Material de Escrita e Desenho, Papelaria, Categoria Referência SFCC",
        "Data_Coleta": "2025-06-01 02:33:54"
    },
    {
        "ID_Produto": "824598",
        "Categoria_Scraping": "bazar",
        "Nome": "Lápis de Cera",
        "Marca": "Giotto",
        "Preco": 3.49,
        "Unidade_Info": "N/A",
        "Categorias_GTM": "Bazar, Material de Escrita e Desenho, Papelaria, Categoria Referência SFCC",
        "Data_Coleta": "2025-06-01 02:33:54"
    },
    {
        "ID_Produto": "868059",
        "Categoria_Scraping": "bazar",
        "Nome": "Lápis de Cor 3.0",
        "Marca": "Giotto",
        "Preco": 3.99,
        "Unidade_Info": "N/A",
        "Categorias_GTM": "Bazar, Material de Escrita e Desenho, Papelaria, Categoria Referência SFCC",
        "Data_Coleta": "2025-06-01 02:33:54"
    },
    {
        "ID_Produto": "910384",
        "Categoria_Scraping": "bazar",
        "Nome": "Lápis de Cor Color'Peps",
        "Marca": "Maped",
        "Preco": 2.99,
        "Unidade_Info": "N/A",
        "Categorias_GTM": "N/A",
        "Data_Coleta": "2025-06-01 02:33:54"
    },
    {
        "ID_Produto": "908516",
        "Categoria_Scraping": "bazar",
        "Nome": "Lápis de Cor Colors 3.0",
        "Marca": "Giotto",
        "Preco": 7.89,
        "Unidade_Info": "N/A",
        "Categorias_GTM": "Bazar, Material de Escrita e Desenho, Papelaria, Categoria Referência SFCC",
        "Data_Coleta": "2025-06-01 02:34:01"
    },
    {
        "ID_Produto": "930215",
        "Categoria_Scraping": "bazar",
        "Nome": "Lápis de Cor Kids Evolution Stripes",
        "Marca": "BIC",
        "Preco": 4.09,
        "Unidade_Info": "N/A",
        "Categorias_GTM": "Bazar, Material de Escrita e Desenho, Papelaria, Categoria Referência SFCC",
        "Data_Coleta": "2025-06-01 02:34:01"
    },
    {
        "ID_Produto": "910113",
        "Categoria_Scraping": "bazar",
        "Nome": "Lápis de Cor Kids Tropicolor",
        "Marca": "BIC",
        "Preco": 2.89,
        "Unidade_Info": "N/A",
        "Categorias_GTM": "Bazar, Material de Escrita e Desenho, Papelaria, Categoria Referência SFCC",
        "Data_Coleta": "2025-06-01 02:34:01"
    },
    {
        "ID_Produto": "910114",
        "Categoria_Scraping": "bazar",
        "Nome": "Lápis de Cor Kids Tropicolor",
        "Marca": "BIC",
        "Preco": 5.09,
        "Unidade_Info": "N/A",
        "Categorias_GTM": "Bazar, Material de Escrita e Desenho, Papelaria, Categoria Referência SFCC",
        "Data_Coleta": "2025-06-01 02:34:01"
    },
    {
        "ID_Produto": "113888",
        "Categoria_Scraping": "bazar",
        "Nome": "Lapiseira Biv Criterium 2 mm + MinasGrátis",
        "Marca": "BIC",
        "Preco": 7.19,
        "Unidade_Info": "N/A",
        "Categorias_GTM": "Bazar, Material de Escrita e Desenho, Papelaria, Categoria Referência SFCC",
        "Data_Coleta": "2025-06-01 02:34:01"
    },
    {
        "ID_Produto": "869441",
        "Categoria_Scraping": "bazar",
        "Nome": "Lapiseira Mars Micro 0,5mm e Tubo de Minas HB",
        "Marca": "Staedtler",
        "Preco": 7.49,
        "Unidade_Info": "N/A",
        "Categorias_GTM": "Bazar, Material de Escrita e Desenho, Papelaria, Categoria Referência SFCC",
        "Data_Coleta": "2025-06-01 02:34:01"
    },
    {
        "ID_Produto": "58382",
        "Categoria_Scraping": "bazar",
        "Nome": "Lápis Grafite Evolution 2HB",
        "Marca": "BIC",
        "Preco": 1.69,
        "Unidade_Info": "N/A",
        "Categorias_GTM": "Categoria Referência SFCC, Bazar, Material de Escrita e Desenho, Papelaria",
        "Data_Coleta": "2025-06-01 02:34:01"
    },
    {
        "ID_Produto": "857778",
        "Categoria_Scraping": "bazar",
        "Nome": "Lápis Grafite Noris B, HB, H",
        "Marca": "Staedtler",
        "Preco": 2.69,
        "Unidade_Info": "N/A",
        "Categorias_GTM": "Categoria Referência SFCC, Bazar, Material de Escrita e Desenho, Papelaria",
        "Data_Coleta": "2025-06-01 02:34:01"
    },
    {
        "ID_Produto": "868869",
        "Categoria_Scraping": "bazar",
        "Nome": "Lápis Noris",
        "Marca": "Staedtler",
        "Preco": 3.79,
        "Unidade_Info": "N/A",
        "Categorias_GTM": "Bazar, Material de Escrita e Desenho, Papelaria, Categoria Referência SFCC",
        "Data_Coleta": "2025-06-01 02:34:01"
    },
    {
        "ID_Produto": "95733",
        "Categoria_Scraping": "bazar",
        "Nome": "Lápis Noris 3HB",
        "Marca": "Staedtler",
        "Preco": 2.69,
        "Unidade_Info": "N/A",
        "Categorias_GTM": "Categoria Referência SFCC, Bazar, Material de Escrita e Desenho, Papelaria",
        "Data_Coleta": "2025-06-01 02:34:01"
    },
    {
        "ID_Produto": "971253",
        "Categoria_Scraping": "bazar",
        "Nome": "Lego Asha na Cidade das Rosas - 43223",
        "Marca": "Lego",
        "Preco": 16.79,
        "Unidade_Info": "N/A",
        "Categorias_GTM": "Poupe Esta Semana, Promoções, Bazar, Brinquedos, Categoria Referência SFCC",
        "Data_Coleta": "2025-06-01 02:34:01"
    },
    {
        "ID_Produto": "969911",
        "Categoria_Scraping": "bazar",
        "Nome": "Lego Buggy de Corrida Todo-o-Terreno - 42164",
        "Marca": "Lego",
        "Preco": 11.99,
        "Unidade_Info": "N/A",
        "Categorias_GTM": "Bazar, Brinquedos, Poupe Esta Semana, Promoções, Categoria Referência SFCC",
        "Data_Coleta": "2025-06-01 02:34:01"
    },
    {
        "ID_Produto": "969899",
        "Categoria_Scraping": "bazar",
        "Nome": "Lego Comboio de Animais - 10412",
        "Marca": "Lego",
        "Preco": 14.99,
        "Unidade_Info": "N/A",
        "Categorias_GTM": "Bazar, Brinquedos, Poupe Esta Semana, Promoções, Categoria Referência SFCC",
        "Data_Coleta": "2025-06-01 02:34:08"
    },
    {
        "ID_Produto": "971261",
        "Categoria_Scraping": "bazar",
        "Nome": "Lego Estábulo de Vitelinhos da Autumn - 42607",
        "Marca": "Lego",
        "Preco": 9.99,
        "Unidade_Info": "N/A",
        "Categorias_GTM": "Bazar, Brinquedos",
        "Data_Coleta": "2025-06-01 02:34:08"
    },
    {
        "ID_Produto": "956420",
        "Categoria_Scraping": "bazar",
        "Nome": "Lego Monster Jam Dragon - 42149",
        "Marca": "Lego",
        "Preco": 19.99,
        "Unidade_Info": "N/A",
        "Categorias_GTM": "Bazar, Brinquedos",
        "Data_Coleta": "2025-06-01 02:34:08"
    },
    {
        "ID_Produto": "971256",
        "Categoria_Scraping": "bazar",
        "Nome": "Lego O Ataque do Dragão em Ascensão da Nya - 71802",
        "Marca": "Lego",
        "Preco": 7.99,
        "Unidade_Info": "N/A",
        "Categorias_GTM": "Poupe Esta Semana, Promoções, Bazar, Brinquedos, Categoria Referência SFCC",
        "Data_Coleta": "2025-06-01 02:34:08"
    },
    {
        "ID_Produto": "970479",
        "Categoria_Scraping": "bazar",
        "Nome": "Lego O Ataque do Dragão em Ascensão do Kai - 71801",
        "Marca": "Lego",
        "Preco": 9.99,
        "Unidade_Info": "N/A",
        "Categorias_GTM": "Bazar, Brinquedos",
        "Data_Coleta": "2025-06-01 02:34:08"
    },
    {
        "ID_Produto": "969910",
        "Categoria_Scraping": "bazar",
        "Nome": "Lego Pack de Combate Robô do Jay - 1805",
        "Marca": "Lego",
        "Preco": 7.49,
        "Unidade_Info": "N/A",
        "Categorias_GTM": "Bazar, Brinquedos, Poupe Esta Semana, Promoções, Categoria Referência SFCC",
        "Data_Coleta": "2025-06-01 02:34:08"
    },
    {
        "ID_Produto": "960945",
        "Categoria_Scraping": "bazar",
        "Nome": "Lego Unicórnio Mágico - 31140",
        "Marca": "Lego",
        "Preco": 7.99,
        "Unidade_Info": "N/A",
        "Categorias_GTM": "Bazar, Brinquedos, Categoria Referência SFCC, Promoções, Poupe Esta Semana",
        "Data_Coleta": "2025-06-01 02:34:08"
    },
    {
        "ID_Produto": "964152",
        "Categoria_Scraping": "bazar",
        "Nome": "Lego Velocidade Furiosa Nissan Skyline GT-R (R34) - 76917",
        "Marca": "Lego",
        "Preco": 19.99,
        "Unidade_Info": "N/A",
        "Categorias_GTM": "Bazar, Brinquedos, Poupe Esta Semana, Promoções, Categoria Referência SFCC",
        "Data_Coleta": "2025-06-01 02:34:08"
    },
    {
        "ID_Produto": "419432",
        "Categoria_Scraping": "bazar",
        "Nome": "Limpa Estofos em Spray",
        "Marca": "Arbo",
        "Preco": 3.29,
        "Unidade_Info": "1 L | 3,29 €/L",
        "Categorias_GTM": "Automóvel, Bazar, Categoria Referência SFCC",
        "Data_Coleta": "2025-06-01 02:34:08"
    },
    {
        "ID_Produto": "105257",
        "Categoria_Scraping": "bazar",
        "Nome": "Limpa Jantes",
        "Marca": "Redex",
        "Preco": 5.59,
        "Unidade_Info": "1 L | 5,59 €/L",
        "Categorias_GTM": "Automóvel, Bazar, Categoria Referência SFCC",
        "Data_Coleta": "2025-06-01 02:34:08"
    },
    {
        "ID_Produto": "419433",
        "Categoria_Scraping": "bazar",
        "Nome": "Limpa Tablier em Spray",
        "Marca": "Arbo",
        "Preco": 4.29,
        "Unidade_Info": "1 L | 4,29 €/L",
        "Categorias_GTM": "Automóvel, Bazar, Categoria Referência SFCC",
        "Data_Coleta": "2025-06-01 02:34:08"
    },
    {
        "ID_Produto": "725509",
        "Categoria_Scraping": "bazar",
        "Nome": "Limpeza Injetor Diesel",
        "Marca": "Redex",
        "Preco": 4.99,
        "Unidade_Info": "N/A",
        "Categorias_GTM": "Categoria Referência SFCC, Automóvel, Bazar",
        "Data_Coleta": "2025-06-01 02:34:08"
    },
    {
        "ID_Produto": "638921",
        "Categoria_Scraping": "bazar",
        "Nome": "Líquido de Limpeza Interior em Pistola",
        "Marca": "Redex",
        "Preco": 2.99,
        "Unidade_Info": "N/A",
        "Categorias_GTM": "Categoria Referência SFCC, Automóvel, Bazar",
        "Data_Coleta": "2025-06-01 02:34:15"
    },
    {
        "ID_Produto": "865805",
        "Categoria_Scraping": "bazar",
        "Nome": "Livro de Canções do Cãozinho Aprender e Brincar",
        "Marca": "Fisher-Price",
        "Preco": 18.49,
        "Unidade_Info": "N/A",
        "Categorias_GTM": "Bazar, Brinquedos, Poupe Esta Semana, Promoções, Categoria Referência SFCC",
        "Data_Coleta": "2025-06-01 02:34:15"
    },
    {
        "ID_Produto": "832967",
        "Categoria_Scraping": "bazar",
        "Nome": "Luvas Jardim Pequeno/Médio/Grande",
        "Marca": "Roots and Shoots",
        "Preco": 1.99,
        "Unidade_Info": "N/A",
        "Categorias_GTM": "Poupe Esta Semana, Promoções, Bazar, Jardim, Categoria Referência SFCC",
        "Data_Coleta": "2025-06-01 02:34:15"
    },
    {
        "ID_Produto": "576302",
        "Categoria_Scraping": "bazar",
        "Nome": "Magic Spray Cockpit",
        "Marca": "Redex",
        "Preco": 4.99,
        "Unidade_Info": "N/A",
        "Categorias_GTM": "Categoria Referência SFCC, Automóvel, Bazar",
        "Data_Coleta": "2025-06-01 02:34:15"
    },
    {
        "ID_Produto": "959387",
        "Categoria_Scraping": "bazar",
        "Nome": "Mala Térmica Casual Denim",
        "Marca": "Tatay",
        "Preco": 15.99,
        "Unidade_Info": "N/A",
        "Categorias_GTM": "Poupe Esta Semana, Promoções, Bazar, Pequenos Domésticos, Categoria Referência SFCC",
        "Data_Coleta": "2025-06-01 02:34:15"
    },
    {
        "ID_Produto": "959386",
        "Categoria_Scraping": "bazar",
        "Nome": "Mala Térmica Casual Dots",
        "Marca": "Tatay",
        "Preco": 15.99,
        "Unidade_Info": "N/A",
        "Categorias_GTM": "Bazar, Pequenos Domésticos, Poupe Esta Semana, Promoções, Categoria Referência SFCC",
        "Data_Coleta": "2025-06-01 02:34:15"
    },
    {
        "ID_Produto": "733735",
        "Categoria_Scraping": "bazar",
        "Nome": "Mangueira 15 M",
        "Marca": "Tatay",
        "Preco": 15.99,
        "Unidade_Info": "N/A",
        "Categorias_GTM": "Categoria Referência SFCC, Bazar, Jardim, Poupe Esta Semana, Promoções",
        "Data_Coleta": "2025-06-01 02:34:15"
    },
    {
        "ID_Produto": "905242",
        "Categoria_Scraping": "bazar",
        "Nome": "Mangueira Extensível 5-15m",
        "Marca": "Gardenic",
        "Preco": 9.99,
        "Unidade_Info": "N/A",
        "Categorias_GTM": "Promoções, Bazar, Jardim, Poupe Esta Semana, Categoria Referência SFCC",
        "Data_Coleta": "2025-06-01 02:34:15"
    },
    {
        "ID_Produto": "916752",
        "Categoria_Scraping": "bazar",
        "Nome": "Máquina de Café Krups Piccolo",
        "Marca": "Dolce Gusto",
        "Preco": 49.99,
        "Unidade_Info": "N/A",
        "Categorias_GTM": "Bazar, Pequenos Domésticos, Categoria Referência SFCC, Poupe Esta Semana, Promoções",
        "Data_Coleta": "2025-06-01 02:34:15"
    },
    {
        "ID_Produto": "824590",
        "Categoria_Scraping": "bazar",
        "Nome": "Marcadores de Colorir Finos Turbo Color",
        "Marca": "Giotto",
        "Preco": 3.29,
        "Unidade_Info": "N/A",
        "Categorias_GTM": "Bazar, Material de Escrita e Desenho, Papelaria, Categoria Referência SFCC",
        "Data_Coleta": "2025-06-01 02:34:15"
    },
    {
        "ID_Produto": "824591",
        "Categoria_Scraping": "bazar",
        "Nome": "Marcadores de Colorir Finos Turbo Color",
        "Marca": "Giotto",
        "Preco": 6.29,
        "Unidade_Info": "N/A",
        "Categorias_GTM": "Categoria Referência SFCC, Bazar, Material de Escrita e Desenho, Papelaria",
        "Data_Coleta": "2025-06-01 02:34:15"
    },
    {
        "ID_Produto": "554221",
        "Categoria_Scraping": "bazar",
        "Nome": "Marcadores de Páginas",
        "Marca": "Mab",
        "Preco": 2.29,
        "Unidade_Info": "N/A",
        "Categorias_GTM": "Categoria Referência SFCC, Bazar, Cadernos, Blocos e Arquivo, Papelaria",
        "Data_Coleta": "2025-06-01 02:34:15"
    },
    {
        "ID_Produto": "183633",
        "Categoria_Scraping": "bazar",
        "Nome": "Marcador Permanente Médio Tinta Preta",
        "Marca": "Staedtler",
        "Preco": 3.59,
        "Unidade_Info": "N/A",
        "Categorias_GTM": "Bazar, Material de Escrita e Desenho, Papelaria, Categoria Referência SFCC",
        "Data_Coleta": "2025-06-01 02:34:22"
    },
    {
        "ID_Produto": "904861",
        "Categoria_Scraping": "bazar",
        "Nome": "Marcador Triplus Fineliner",
        "Marca": "Staedtler",
        "Preco": 15.49,
        "Unidade_Info": "N/A",
        "Categorias_GTM": "Bazar, Material de Escrita e Desenho, Papelaria, Categoria Referência SFCC",
        "Data_Coleta": "2025-06-01 02:34:22"
    },
    {
        "ID_Produto": "938705",
        "Categoria_Scraping": "bazar",
        "Nome": "Massa de Moldar Autocarro Escolar",
        "Marca": "4kidoh",
        "Preco": 9.99,
        "Unidade_Info": "N/A",
        "Categorias_GTM": "Categoria Referência SFCC, Bazar, Brinquedos, Poupe Esta Semana, Promoções",
        "Data_Coleta": "2025-06-01 02:34:22"
    },
    {
        "ID_Produto": "768706",
        "Categoria_Scraping": "bazar",
        "Nome": "Massa Polir Média",
        "Marca": "Redex",
        "Preco": 4.49,
        "Unidade_Info": "N/A",
        "Categorias_GTM": "Automóvel, Bazar, Categoria Referência SFCC",
        "Data_Coleta": "2025-06-01 02:34:22"
    },
    {
        "ID_Produto": "855295",
        "Categoria_Scraping": "bazar",
        "Nome": "Max Esteira Magnética",
        "Marca": "Redex",
        "Preco": 5.99,
        "Unidade_Info": "N/A",
        "Categorias_GTM": "Categoria Referência SFCC, Automóvel, Bazar",
        "Data_Coleta": "2025-06-01 02:34:22"
    },
    {
        "ID_Produto": "920388",
        "Categoria_Scraping": "bazar",
        "Nome": "Mini Aspirador",
        "Marca": "Hoffen",
        "Preco": 24.99,
        "Unidade_Info": "N/A",
        "Categorias_GTM": "Bazar, Pequenos Domésticos, Categoria Referência SFCC, Poupe Este Fim De Semana, Promoções",
        "Data_Coleta": "2025-06-01 02:34:22"
    },
    {
        "ID_Produto": "974973",
        "Categoria_Scraping": "bazar",
        "Nome": "Mini Grelhador",
        "Marca": "Hoffen",
        "Preco": 25.99,
        "Unidade_Info": "N/A",
        "Categorias_GTM": "Bazar, Pequenos Domésticos, Poupe Esta Semana, Promoções, Categoria Referência SFCC",
        "Data_Coleta": "2025-06-01 02:34:22"
    },
    {
        "ID_Produto": "752193",
        "Categoria_Scraping": "bazar",
        "Nome": "Mini Picador",
        "Marca": "Smukee",
        "Preco": 4.99,
        "Unidade_Info": "N/A",
        "Categorias_GTM": "Categoria Referência SFCC, Bazar, Pequenos Domésticos, Poupe Este Fim De Semana, Poupe Esta Semana",
        "Data_Coleta": "2025-06-01 02:34:22"
    },
    {
        "ID_Produto": "961987",
        "Categoria_Scraping": "bazar",
        "Nome": "Nenuco - Boneca Feliz Aniversário",
        "Marca": "Nenuco",
        "Preco": 27.99,
        "Unidade_Info": "N/A",
        "Categorias_GTM": "Bazar, Brinquedos, Poupe Esta Semana, Promoções, Categoria Referência SFCC",
        "Data_Coleta": "2025-06-01 02:34:22"
    },
    {
        "ID_Produto": "546530",
        "Categoria_Scraping": "bazar",
        "Nome": "Óleo GTX 15W40 A3/B3",
        "Marca": "Castrol",
        "Preco": 39.99,
        "Unidade_Info": "5 L | 8 €/L",
        "Categorias_GTM": "Categoria Referência SFCC, Automóvel, Bazar",
        "Data_Coleta": "2025-06-01 02:34:22"
    },
    {
        "ID_Produto": "701238",
        "Categoria_Scraping": "bazar",
        "Nome": "Óleo Lubrificante Gasolina/Diesel 10W40",
        "Marca": "Sportlub",
        "Preco": 22.99,
        "Unidade_Info": "5 L | 4,6 €/L",
        "Categorias_GTM": "Categoria Referência SFCC, Automóvel, Bazar",
        "Data_Coleta": "2025-06-01 02:34:22"
    },
    {
        "ID_Produto": "701240",
        "Categoria_Scraping": "bazar",
        "Nome": "Óleo Lubrificante Gasolina/Diesel 15W40",
        "Marca": "Sportlub",
        "Preco": 7.49,
        "Unidade_Info": "1 L | 7,49 €/L",
        "Categorias_GTM": "Categoria Referência SFCC, Automóvel, Bazar",
        "Data_Coleta": "2025-06-01 02:34:22"
    },
    {
        "ID_Produto": "491758",
        "Categoria_Scraping": "bazar",
        "Nome": "Óleo Multigasolina",
        "Marca": "Galp",
        "Preco": 25.99,
        "Unidade_Info": "5 L | 5,2 €/L",
        "Categorias_GTM": "Categoria Referência SFCC, Automóvel, Bazar",
        "Data_Coleta": "2025-06-01 02:34:30"
    },
    {
        "ID_Produto": "491754",
        "Categoria_Scraping": "bazar",
        "Nome": "Óleo Performa 10W40",
        "Marca": "Galp",
        "Preco": 14.99,
        "Unidade_Info": "1 L | 14,99 €/L",
        "Categorias_GTM": "Categoria Referência SFCC, Automóvel, Bazar",
        "Data_Coleta": "2025-06-01 02:34:30"
    },
    {
        "ID_Produto": "491755",
        "Categoria_Scraping": "bazar",
        "Nome": "Óleo Performa 10W40",
        "Marca": "Galp",
        "Preco": 41.99,
        "Unidade_Info": "5 L | 8,4 €/L",
        "Categorias_GTM": "Categoria Referência SFCC, Automóvel, Bazar",
        "Data_Coleta": "2025-06-01 02:34:30"
    },
    {
        "ID_Produto": "491761",
        "Categoria_Scraping": "bazar",
        "Nome": "Óleo Performa 10W40",
        "Marca": "Galp",
        "Preco": 9.99,
        "Unidade_Info": "1 L | 9,99 €/L",
        "Categorias_GTM": "Categoria Referência SFCC, Automóvel, Bazar",
        "Data_Coleta": "2025-06-01 02:34:30"
    },
    {
        "ID_Produto": "921322",
        "Categoria_Scraping": "bazar",
        "Nome": "O meu primeiro camião",
        "Marca": "Patrulha Pata",
        "Preco": 12.99,
        "Unidade_Info": "N/A",
        "Categorias_GTM": "Bazar, Brinquedos, Poupe Esta Semana, Promoções, Categoria Referência SFCC",
        "Data_Coleta": "2025-06-01 02:34:30"
    },
    {
        "ID_Produto": "42886",
        "Categoria_Scraping": "bazar",
        "Nome": "Pack 5 Carrinhos Hotwheels",
        "Marca": "Hot Wheels",
        "Preco": 10.49,
        "Unidade_Info": "N/A",
        "Categorias_GTM": "Bazar, Brinquedos, Categoria Referência SFCC, Poupe Esta Semana, Promoções",
        "Data_Coleta": "2025-06-01 02:34:30"
    },
    {
        "ID_Produto": "437955",
        "Categoria_Scraping": "bazar",
        "Nome": "Pack Etiquetas Adesivas  5 folhas",
        "Marca": "Mab",
        "Preco": 0.99,
        "Unidade_Info": "N/A",
        "Categorias_GTM": "Bazar, Cadernos, Blocos e Arquivo, Papelaria, Categoria Referência SFCC",
        "Data_Coleta": "2025-06-01 02:34:30"
    },
    {
        "ID_Produto": "880874",
        "Categoria_Scraping": "bazar",
        "Nome": "Panda Microfone Portátil",
        "Marca": "Panda",
        "Preco": 14.49,
        "Unidade_Info": "N/A",
        "Categorias_GTM": "Bazar, Brinquedos, Poupe Esta Semana, Promoções, Categoria Referência SFCC",
        "Data_Coleta": "2025-06-01 02:34:30"
    },
    {
        "ID_Produto": "971239",
        "Categoria_Scraping": "bazar",
        "Nome": "Panda - Puzzle de Encaixe Madeira",
        "Marca": "Panda",
        "Preco": 10.99,
        "Unidade_Info": "N/A",
        "Categorias_GTM": "Poupe Esta Semana, Promoções, Brinquedos, Bazar, Categoria Referência SFCC",
        "Data_Coleta": "2025-06-01 02:34:30"
    },
    {
        "ID_Produto": "768705",
        "Categoria_Scraping": "bazar",
        "Nome": "Pano Microfibra",
        "Marca": "Redex",
        "Preco": 3.49,
        "Unidade_Info": "N/A",
        "Categorias_GTM": "Automóvel, Bazar, Categoria Referência SFCC",
        "Data_Coleta": "2025-06-01 02:34:30"
    },
    {
        "ID_Produto": "825325",
        "Categoria_Scraping": "bazar",
        "Nome": "Papel de Desenho A3 24 Folhas",
        "Marca": "Cavalinho",
        "Preco": 6.49,
        "Unidade_Info": "N/A",
        "Categorias_GTM": "Categoria Referência SFCC, Bazar, Cadernos, Blocos e Arquivo, Papelaria",
        "Data_Coleta": "2025-06-01 02:34:30"
    },
    {
        "ID_Produto": "967459",
        "Categoria_Scraping": "bazar",
        "Nome": "Papel de Desenho A4 24 Folhas",
        "Marca": "Cavalinho",
        "Preco": 4.29,
        "Unidade_Info": "N/A",
        "Categorias_GTM": "Bazar, Cadernos, Blocos e Arquivo, Papelaria, Categoria Referência SFCC",
        "Data_Coleta": "2025-06-01 02:34:30"
    },
    {
        "ID_Produto": "735532",
        "Categoria_Scraping": "bazar",
        "Nome": "Pasta Arquivo",
        "Marca": "Ancor",
        "Preco": 2.29,
        "Unidade_Info": "N/A",
        "Categorias_GTM": "Categoria Referência SFCC, Bazar, Cadernos, Blocos e Arquivo, Papelaria",
        "Data_Coleta": "2025-06-01 02:34:37"
    },
    {
        "ID_Produto": "923982",
        "Categoria_Scraping": "bazar",
        "Nome": "Pasta Arquivo",
        "Marca": "Ancor",
        "Preco": 5.39,
        "Unidade_Info": "N/A",
        "Categorias_GTM": "Bazar, Cadernos, Blocos e Arquivo, Papelaria, Categoria Referência SFCC",
        "Data_Coleta": "2025-06-01 02:34:37"
    },
    {
        "ID_Produto": "923983",
        "Categoria_Scraping": "bazar",
        "Nome": "Pasta Arquivo",
        "Marca": "Ancor",
        "Preco": 5.39,
        "Unidade_Info": "N/A",
        "Categorias_GTM": "Bazar, Cadernos, Blocos e Arquivo, Papelaria, Categoria Referência SFCC",
        "Data_Coleta": "2025-06-01 02:34:37"
    },
    {
        "ID_Produto": "808377",
        "Categoria_Scraping": "bazar",
        "Nome": "Pasta Arquivo",
        "Marca": "Firmo",
        "Preco": 3.09,
        "Unidade_Info": "N/A",
        "Categorias_GTM": "Categoria Referência SFCC, Bazar, Cadernos, Blocos e Arquivo, Papelaria",
        "Data_Coleta": "2025-06-01 02:34:37"
    },
    {
        "ID_Produto": "702237",
        "Categoria_Scraping": "bazar",
        "Nome": "Pasta de Arquivo",
        "Marca": "Ambar",
        "Preco": 2.49,
        "Unidade_Info": "N/A",
        "Categorias_GTM": "Categoria Referência SFCC, Bazar, Cadernos, Blocos e Arquivo, Papelaria",
        "Data_Coleta": "2025-06-01 02:34:37"
    },
    {
        "ID_Produto": "730570",
        "Categoria_Scraping": "bazar",
        "Nome": "Pasta de Arquivo A4",
        "Marca": "Artimbal",
        "Preco": 1.19,
        "Unidade_Info": "N/A",
        "Categorias_GTM": "Categoria Referência SFCC, Bazar, Cadernos, Blocos e Arquivo, Papelaria",
        "Data_Coleta": "2025-06-01 02:34:37"
    },
    {
        "ID_Produto": "423710",
        "Categoria_Scraping": "bazar",
        "Nome": "Pasta de Arquivo Marmoreada A4",
        "Marca": "Office 7",
        "Preco": 2.49,
        "Unidade_Info": "1 Un | 2,49 €/Un",
        "Categorias_GTM": "Bazar, Cadernos, Blocos e Arquivo, Papelaria, Categoria Referência SFCC",
        "Data_Coleta": "2025-06-01 02:34:37"
    },
    {
        "ID_Produto": "555458",
        "Categoria_Scraping": "bazar",
        "Nome": "Patafix Branco",
        "Marca": "UHU",
        "Preco": 2.85,
        "Unidade_Info": "N/A",
        "Categorias_GTM": "Categoria Referência SFCC, Bazar, Material de Escrita e Desenho, Papelaria",
        "Data_Coleta": "2025-06-01 02:34:37"
    },
    {
        "ID_Produto": "883601",
        "Categoria_Scraping": "bazar",
        "Nome": "Patrulha Pata - Mini Veículos",
        "Marca": "Patrulha Pata",
        "Preco": 6.49,
        "Unidade_Info": "N/A",
        "Categorias_GTM": "Bazar, Brinquedos, Poupe Esta Semana, Promoções, Categoria Referência SFCC",
        "Data_Coleta": "2025-06-01 02:34:37"
    },
    {
        "ID_Produto": "971917",
        "Categoria_Scraping": "bazar",
        "Nome": "Patrulha Pata - Veículos Temáticos",
        "Marca": "Patrulha Pata",
        "Preco": 18.89,
        "Unidade_Info": "N/A",
        "Categorias_GTM": "Bazar, Brinquedos, Poupe Esta Semana, Promoções, Categoria Referência SFCC",
        "Data_Coleta": "2025-06-01 02:34:37"
    },
    {
        "ID_Produto": "966525",
        "Categoria_Scraping": "bazar",
        "Nome": "Peluche Disney Sortido",
        "Marca": "Simba",
        "Preco": 12.99,
        "Unidade_Info": "N/A",
        "Categorias_GTM": "Bazar, Brinquedos, Poupe Esta Semana, Promoções, Categoria Referência SFCC",
        "Data_Coleta": "2025-06-01 02:34:37"
    },
    {
        "ID_Produto": "963709",
        "Categoria_Scraping": "bazar",
        "Nome": "Peluches - Gira Locos",
        "Marca": "Concentra",
        "Preco": 22.99,
        "Unidade_Info": "N/A",
        "Categorias_GTM": "Bazar, Brinquedos, Poupe Esta Semana, Promoções, Categoria Referência SFCC",
        "Data_Coleta": "2025-06-01 02:34:37"
    },
    {
        "ID_Produto": "901942",
        "Categoria_Scraping": "bazar",
        "Nome": "Peluches Panda Pequenos",
        "Marca": "Panda",
        "Preco": 9.99,
        "Unidade_Info": "N/A",
        "Categorias_GTM": "Bazar, Brinquedos, Poupe Esta Semana, Promoções, Categoria Referência SFCC",
        "Data_Coleta": "2025-06-01 02:34:45"
    },
    {
        "ID_Produto": "771137",
        "Categoria_Scraping": "bazar",
        "Nome": "Pincel de Cozinha",
        "Marca": "Smukee",
        "Preco": 1.74,
        "Unidade_Info": "N/A",
        "Categorias_GTM": "Categoria Referência SFCC, Bazar, Pequenos Domésticos, Poupe Esta Semana, Promoções",
        "Data_Coleta": "2025-06-01 02:34:45"
    },
    {
        "ID_Produto": "971270",
        "Categoria_Scraping": "bazar",
        "Nome": "Pinky Promise Festa Gemmy Friends",
        "Marca": "Creative Toys",
        "Preco": 11.99,
        "Unidade_Info": "N/A",
        "Categorias_GTM": "Poupe Esta Semana, Promoções, Brinquedos, Bazar, Categoria Referência SFCC",
        "Data_Coleta": "2025-06-01 02:34:45"
    },
    {
        "ID_Produto": "956582",
        "Categoria_Scraping": "bazar",
        "Nome": "Pinypon Super Cabelo",
        "Marca": "Pinypon",
        "Preco": 11.99,
        "Unidade_Info": "N/A",
        "Categorias_GTM": "Categoria Referência SFCC, Poupe Esta Semana, Promoções, Bazar, Brinquedos",
        "Data_Coleta": "2025-06-01 02:34:45"
    },
    {
        "ID_Produto": "956583",
        "Categoria_Scraping": "bazar",
        "Nome": "Pinypon Surprise Reveal",
        "Marca": "Pinypon",
        "Preco": 8.49,
        "Unidade_Info": "N/A",
        "Categorias_GTM": "Categoria Referência SFCC, Poupe Esta Semana, Promoções, Bazar, Brinquedos",
        "Data_Coleta": "2025-06-01 02:34:45"
    },
    {
        "ID_Produto": "941767",
        "Categoria_Scraping": "bazar",
        "Nome": "Piscina Fast Set",
        "Marca": "Bestway",
        "Preco": 69.99,
        "Unidade_Info": "N/A",
        "Categorias_GTM": "Bazar, Jardim, Categoria Referência SFCC, Poupe Esta Semana, Promoções",
        "Data_Coleta": "2025-06-01 02:34:45"
    },
    {
        "ID_Produto": "830093",
        "Categoria_Scraping": "bazar",
        "Nome": "Plasticina Play-Doh",
        "Marca": "Play-Doh",
        "Preco": 4.99,
        "Unidade_Info": "N/A",
        "Categorias_GTM": "Categoria Referência SFCC, Bazar, Brinquedos, Promoções, Poupe Esta Semana",
        "Data_Coleta": "2025-06-01 02:34:45"
    },
    {
        "ID_Produto": "971883",
        "Categoria_Scraping": "bazar",
        "Nome": "Play-Doh Classics Sortidos",
        "Marca": "Play-Doh",
        "Preco": 7.49,
        "Unidade_Info": "N/A",
        "Categorias_GTM": "Bazar, Brinquedos, Poupe Esta Semana, Promoções, Categoria Referência SFCC",
        "Data_Coleta": "2025-06-01 02:34:45"
    },
    {
        "ID_Produto": "893636",
        "Categoria_Scraping": "bazar",
        "Nome": "Play-DohSet para Iniciantes",
        "Marca": "Play-Doh",
        "Preco": 17.99,
        "Unidade_Info": "N/A",
        "Categorias_GTM": "Bazar, Brinquedos, Poupe Esta Semana, Promoções, Categoria Referência SFCC",
        "Data_Coleta": "2025-06-01 02:34:45"
    },
    {
        "ID_Produto": "909272",
        "Categoria_Scraping": "bazar",
        "Nome": "Poncho Disney",
        "Marca": "Licenças",
        "Preco": 8.99,
        "Unidade_Info": "N/A",
        "Categorias_GTM": "Bazar, Jardim, Poupe Esta Semana, Promoções, Categoria Referência SFCC",
        "Data_Coleta": "2025-06-01 02:34:45"
    },
    {
        "ID_Produto": "923374",
        "Categoria_Scraping": "bazar",
        "Nome": "Pote Individual",
        "Marca": "Play-Doh",
        "Preco": 1.59,
        "Unidade_Info": "N/A",
        "Categorias_GTM": "Bazar, Brinquedos, Promoções, Poupe Esta Semana, Categoria Referência SFCC",
        "Data_Coleta": "2025-06-01 02:34:45"
    },
    {
        "ID_Produto": "111247",
        "Categoria_Scraping": "bazar",
        "Nome": "Prato Grosso Barro Pintado nº1",
        "Marca": "Socerâmica",
        "Preco": 6.99,
        "Unidade_Info": "N/A",
        "Categorias_GTM": "Bazar, Pequenos Domésticos, Poupe Esta Semana, Promoções, Categoria Referência SFCC",
        "Data_Coleta": "2025-06-01 02:34:45"
    },
    {
        "ID_Produto": "700463",
        "Categoria_Scraping": "bazar",
        "Nome": "Prato Mesa Snow 19cm",
        "Marca": "Smukee",
        "Preco": 1.09,
        "Unidade_Info": "N/A",
        "Categorias_GTM": "Categoria Referência SFCC, Bazar, Pequenos Domésticos, Poupe Esta Semana, Promoções",
        "Data_Coleta": "2025-06-01 02:34:53"
    },
    {
        "ID_Produto": "770892",
        "Categoria_Scraping": "bazar",
        "Nome": "Prato nº4",
        "Marca": "Terracota",
        "Preco": 0.69,
        "Unidade_Info": "N/A",
        "Categorias_GTM": "Categoria Referência SFCC, Poupe Esta Semana, Promoções, Casa, Jardim",
        "Data_Coleta": "2025-06-01 02:34:53"
    },
    {
        "ID_Produto": "700462",
        "Categoria_Scraping": "bazar",
        "Nome": "Prato Raso Snow 27cm",
        "Marca": "Smukee",
        "Preco": 1.49,
        "Unidade_Info": "N/A",
        "Categorias_GTM": "Categoria Referência SFCC, Bazar, Pequenos Domésticos, Poupe Esta Semana, Promoções",
        "Data_Coleta": "2025-06-01 02:34:53"
    },
    {
        "ID_Produto": "700464",
        "Categoria_Scraping": "bazar",
        "Nome": "Prato Sopa Snow 22cm",
        "Marca": "Smukee",
        "Preco": 1.09,
        "Unidade_Info": "N/A",
        "Categorias_GTM": "Categoria Referência SFCC, Bazar, Pequenos Domésticos, Poupe Este Fim De Semana, Poupe Esta Semana",
        "Data_Coleta": "2025-06-01 02:34:53"
    },
    {
        "ID_Produto": "964677",
        "Categoria_Scraping": "bazar",
        "Nome": "Princesa Sparkle Girlz Mini e pets",
        "Marca": "Sparkle Girlz",
        "Preco": 8.99,
        "Unidade_Info": "N/A",
        "Categorias_GTM": "Brinquedos, Bazar, Poupe Esta Semana, Promoções, Categoria Referência SFCC",
        "Data_Coleta": "2025-06-01 02:34:53"
    },
    {
        "ID_Produto": "862275",
        "Categoria_Scraping": "bazar",
        "Nome": "Pulverizador 2l",
        "Marca": "Gardenic",
        "Preco": 4.99,
        "Unidade_Info": "1 Un | 4,99 €/Un",
        "Categorias_GTM": "Categoria Referência SFCC, Promoções, Bazar, Jardim, Poupe Esta Semana",
        "Data_Coleta": "2025-06-01 02:34:53"
    },
    {
        "ID_Produto": "922404",
        "Categoria_Scraping": "bazar",
        "Nome": "Pulverizador 500ml",
        "Marca": "Plástico Forte",
        "Preco": 1.59,
        "Unidade_Info": "N/A",
        "Categorias_GTM": "Promoções, Bazar, Jardim, Poupe Esta Semana, Categoria Referência SFCC",
        "Data_Coleta": "2025-06-01 02:34:53"
    },
    {
        "ID_Produto": "933792",
        "Categoria_Scraping": "bazar",
        "Nome": "Puzzle Educativo - 4 Motivos",
        "Marca": "Olivo",
        "Preco": 1.99,
        "Unidade_Info": "N/A",
        "Categorias_GTM": "Bazar, Brinquedos, Poupe Esta Semana, Promoções, Categoria Referência SFCC",
        "Data_Coleta": "2025-06-01 02:34:53"
    },
    {
        "ID_Produto": "228671",
        "Categoria_Scraping": "bazar",
        "Nome": "Recarga Papel A4 Pautado",
        "Marca": "Firmo",
        "Preco": 2.49,
        "Unidade_Info": "N/A",
        "Categorias_GTM": "Cadernos, Blocos e Arquivo, Bazar, Papelaria, Categoria Referência SFCC",
        "Data_Coleta": "2025-06-01 02:34:53"
    },
    {
        "ID_Produto": "835903",
        "Categoria_Scraping": "bazar",
        "Nome": "Recargas A4 100/100 Quadriculado",
        "Marca": "Firmo",
        "Preco": 2.49,
        "Unidade_Info": "N/A",
        "Categorias_GTM": "Cadernos, Blocos e Arquivo, Bazar, Papelaria, Categoria Referência SFCC",
        "Data_Coleta": "2025-06-01 02:34:53"
    },
    {
        "ID_Produto": "887670",
        "Categoria_Scraping": "bazar",
        "Nome": "Rede Barbecue Retangular 40X33cm",
        "Marca": "Delba",
        "Preco": 2.99,
        "Unidade_Info": "N/A",
        "Categorias_GTM": "Bazar, Jardim, Poupe Esta Semana, Promoções, Categoria Referência SFCC",
        "Data_Coleta": "2025-06-01 02:34:53"
    },
    {
        "ID_Produto": "955781",
        "Categoria_Scraping": "bazar",
        "Nome": "Regador 2L",
        "Marca": "Plástico Forte",
        "Preco": 2.99,
        "Unidade_Info": "N/A",
        "Categorias_GTM": "Casa, Jardim, Categoria Referência SFCC, Poupe Esta Semana, Promoções",
        "Data_Coleta": "2025-06-01 02:34:53"
    },
    {
        "ID_Produto": "888762",
        "Categoria_Scraping": "bazar",
        "Nome": "Régua Essentials 50cm",
        "Marca": "Maped",
        "Preco": 2.39,
        "Unidade_Info": "N/A",
        "Categorias_GTM": "Bazar, Material de Escrita e Desenho, Papelaria, Categoria Referência SFCC",
        "Data_Coleta": "2025-06-01 02:35:00"
    },
    {
        "ID_Produto": "850621",
        "Categoria_Scraping": "bazar",
        "Nome": "Régua Graphic 30cm",
        "Marca": "Maped",
        "Preco": 1.69,
        "Unidade_Info": "N/A",
        "Categorias_GTM": "Categoria Referência SFCC, Bazar, Papelaria, Material de Escrita e Desenho",
        "Data_Coleta": "2025-06-01 02:35:00"
    },
    {
        "ID_Produto": "752496",
        "Categoria_Scraping": "bazar",
        "Nome": "Rolo 6 Panos Multiusos",
        "Marca": "Redex",
        "Preco": 5.69,
        "Unidade_Info": "N/A",
        "Categorias_GTM": "Categoria Referência SFCC, Automóvel, Bazar",
        "Data_Coleta": "2025-06-01 02:35:00"
    },
    {
        "ID_Produto": "830902",
        "Categoria_Scraping": "bazar",
        "Nome": "Rolo de Massa 40cm",
        "Marca": "Jomafe",
        "Preco": 3.99,
        "Unidade_Info": "N/A",
        "Categorias_GTM": "Bazar, Pequenos Domésticos, Categoria Referência SFCC",
        "Data_Coleta": "2025-06-01 02:35:00"
    },
    {
        "ID_Produto": "551326",
        "Categoria_Scraping": "bazar",
        "Nome": "Rolo Película para Forrar Livros 2 metros",
        "Marca": "Mab",
        "Preco": 1.39,
        "Unidade_Info": "N/A",
        "Categorias_GTM": "Categoria Referência SFCC, Bazar, Cadernos, Blocos e Arquivo, Papelaria",
        "Data_Coleta": "2025-06-01 02:35:00"
    },
    {
        "ID_Produto": "887853",
        "Categoria_Scraping": "bazar",
        "Nome": "Saco Cama Liso",
        "Marca": "Saurium",
        "Preco": 13.49,
        "Unidade_Info": "N/A",
        "Categorias_GTM": "Poupe Esta Semana, Promoções, Categoria Referência SFCC, Bazar, Jardim",
        "Data_Coleta": "2025-06-01 02:35:00"
    },
    {
        "ID_Produto": "951824",
        "Categoria_Scraping": "bazar",
        "Nome": "Saco de Compras Rafia",
        "Marca": "Pingo Doce",
        "Preco": 0.55,
        "Unidade_Info": "1 Un | 0,55 €/Un",
        "Categorias_GTM": "As Nossas Marcas, Pingo Doce, Categoria Referência SFCC, Bazar, Sacos de Compras",
        "Data_Coleta": "2025-06-01 02:35:00"
    },
    {
        "ID_Produto": "873639",
        "Categoria_Scraping": "bazar",
        "Nome": "Saco Isotérmico Grande (15KG)",
        "Marca": "Pingo Doce",
        "Preco": 2.49,
        "Unidade_Info": "1 Un | 2,49 €/Un",
        "Categorias_GTM": "Bazar, Sacos de Compras, As Nossas Marcas, Pingo Doce, Categoria Referência SFCC",
        "Data_Coleta": "2025-06-01 02:35:00"
    },
    {
        "ID_Produto": "968495",
        "Categoria_Scraping": "bazar",
        "Nome": "Saco para Pão",
        "Marca": "Nossa Padaria",
        "Preco": 2.99,
        "Unidade_Info": "N/A",
        "Categorias_GTM": "Padaria e Pastelaria, Sacos de Compras, Categoria Referência SFCC",
        "Data_Coleta": "2025-06-01 02:35:00"
    },
    {
        "ID_Produto": "987169",
        "Categoria_Scraping": "bazar",
        "Nome": "Sacos Plástico 90% Reciclado",
        "Marca": "Pingo Doce",
        "Preco": 0.1,
        "Unidade_Info": "1 Un | 0,1 €/Un",
        "Categorias_GTM": "Bazar, Sacos de Compras, As Nossas Marcas, Pingo Doce, Categoria Referência SFCC",
        "Data_Coleta": "2025-06-01 02:35:00"
    },
    {
        "ID_Produto": "577812",
        "Categoria_Scraping": "bazar",
        "Nome": "Saladeira Empilhável 20 cm",
        "Marca": "Luminarc",
        "Preco": 3.79,
        "Unidade_Info": "N/A",
        "Categorias_GTM": "Categoria Referência SFCC, Bazar, Pequenos Domésticos",
        "Data_Coleta": "2025-06-01 02:35:00"
    },
    {
        "ID_Produto": "981052",
        "Categoria_Scraping": "bazar",
        "Nome": "Sanduicheira Branca",
        "Marca": "Hoffen",
        "Preco": 19.99,
        "Unidade_Info": "N/A",
        "Categorias_GTM": "Bazar, Pequenos Domésticos, Categoria Referência SFCC",
        "Data_Coleta": "2025-06-01 02:35:00"
    },
    {
        "ID_Produto": "920076",
        "Categoria_Scraping": "bazar",
        "Nome": "Secador de Cabelo",
        "Marca": "Hoffen",
        "Preco": 19.99,
        "Unidade_Info": "N/A",
        "Categorias_GTM": "Bazar, Pequenos Domésticos, Categoria Referência SFCC",
        "Data_Coleta": "2025-06-01 02:35:08"
    },
    {
        "ID_Produto": "955670",
        "Categoria_Scraping": "bazar",
        "Nome": "Sementes Alfazema",
        "Marca": "Vita",
        "Preco": 0.99,
        "Unidade_Info": "N/A",
        "Categorias_GTM": "Categoria Referência SFCC, Poupe Esta Semana, Promoções, Casa, Jardim",
        "Data_Coleta": "2025-06-01 02:35:08"
    },
    {
        "ID_Produto": "923505",
        "Categoria_Scraping": "bazar",
        "Nome": "Sementes Coentros",
        "Marca": "Vita",
        "Preco": 0.99,
        "Unidade_Info": "N/A",
        "Categorias_GTM": "Promoções, Poupe Esta Semana, Categoria Referência SFCC, Casa, Jardim",
        "Data_Coleta": "2025-06-01 02:35:08"
    },
    {
        "ID_Produto": "923604",
        "Categoria_Scraping": "bazar",
        "Nome": "Sementes Cravo dos Poetas Mistura",
        "Marca": "Vita",
        "Preco": 0.99,
        "Unidade_Info": "N/A",
        "Categorias_GTM": "Poupe Esta Semana, Promoções, Categoria Referência SFCC, Casa, Jardim",
        "Data_Coleta": "2025-06-01 02:35:08"
    },
    {
        "ID_Produto": "923585",
        "Categoria_Scraping": "bazar",
        "Nome": "Sementes Erva do Gato",
        "Marca": "Vita",
        "Preco": 0.99,
        "Unidade_Info": "N/A",
        "Categorias_GTM": "Promoções, Poupe Esta Semana, Categoria Referência SFCC, Casa, Jardim",
        "Data_Coleta": "2025-06-01 02:35:08"
    },
    {
        "ID_Produto": "923603",
        "Categoria_Scraping": "bazar",
        "Nome": "Sementes Florais Amor Perfeito Mistura",
        "Marca": "Vita",
        "Preco": 0.99,
        "Unidade_Info": "N/A",
        "Categorias_GTM": "Casa, Jardim, Poupe Esta Semana, Promoções, Categoria Referência SFCC",
        "Data_Coleta": "2025-06-01 02:35:08"
    },
    {
        "ID_Produto": "955671",
        "Categoria_Scraping": "bazar",
        "Nome": "Sementes Hortelã Menta",
        "Marca": "Vita",
        "Preco": 0.99,
        "Unidade_Info": "N/A",
        "Categorias_GTM": "Promoções, Casa, Jardim, Categoria Referência SFCC, Poupe Esta Semana",
        "Data_Coleta": "2025-06-01 02:35:08"
    },
    {
        "ID_Produto": "923601",
        "Categoria_Scraping": "bazar",
        "Nome": "Sementes Salsa Comum 2",
        "Marca": "Vita",
        "Preco": 0.99,
        "Unidade_Info": "N/A",
        "Categorias_GTM": "Promoções, Poupe Esta Semana, Categoria Referência SFCC, Casa, Jardim",
        "Data_Coleta": "2025-06-01 02:35:08"
    },
    {
        "ID_Produto": "923506",
        "Categoria_Scraping": "bazar",
        "Nome": "Sementes Zinia Ana Mistura",
        "Marca": "Vita",
        "Preco": 0.99,
        "Unidade_Info": "N/A",
        "Categorias_GTM": "Poupe Esta Semana, Promoções, Categoria Referência SFCC, Casa, Jardim",
        "Data_Coleta": "2025-06-01 02:35:08"
    },
    {
        "ID_Produto": "668260",
        "Categoria_Scraping": "bazar",
        "Nome": "Separadores A4 de Cartão",
        "Marca": "Ambar",
        "Preco": 2.19,
        "Unidade_Info": "N/A",
        "Categorias_GTM": "Bazar, Cadernos, Blocos e Arquivo, Papelaria, Categoria Referência SFCC",
        "Data_Coleta": "2025-06-01 02:35:08"
    },
    {
        "ID_Produto": "909598",
        "Categoria_Scraping": "bazar",
        "Nome": "Skate",
        "Marca": "Anilar",
        "Preco": 19.99,
        "Unidade_Info": "N/A",
        "Categorias_GTM": "Bazar, Jardim, Poupe Esta Semana, Promoções, Categoria Referência SFCC",
        "Data_Coleta": "2025-06-01 02:35:08"
    },
    {
        "ID_Produto": "593201",
        "Categoria_Scraping": "bazar",
        "Nome": "Sortido de 10 Esfeográficas Cristal",
        "Marca": "Mab",
        "Preco": 1.29,
        "Unidade_Info": "0 Un",
        "Categorias_GTM": "Bazar, Material de Escrita e Desenho, Papelaria, Categoria Referência SFCC",
        "Data_Coleta": "2025-06-01 02:35:08"
    },
    {
        "ID_Produto": "593199",
        "Categoria_Scraping": "bazar",
        "Nome": "Sortido de 4 Esferográficas Cristal",
        "Marca": "Mab",
        "Preco": 0.79,
        "Unidade_Info": "0 Un",
        "Categorias_GTM": "Categoria Referência SFCC, Bazar, Material de Escrita e Desenho, Papelaria",
        "Data_Coleta": "2025-06-01 02:35:16"
    },
    {
        "ID_Produto": "971879",
        "Categoria_Scraping": "bazar",
        "Nome": "Sortido Puzzle 1000 Peças",
        "Marca": "Clementoni",
        "Preco": 11.99,
        "Unidade_Info": "N/A",
        "Categorias_GTM": "Bazar, Brinquedos, Poupe Esta Semana, Promoções, Categoria Referência SFCC",
        "Data_Coleta": "2025-06-01 02:35:16"
    },
    {
        "ID_Produto": "971880",
        "Categoria_Scraping": "bazar",
        "Nome": "Sortido Puzzles",
        "Marca": "Clementoni",
        "Preco": 6.49,
        "Unidade_Info": "N/A",
        "Categorias_GTM": "Bazar, Brinquedos, Poupe Esta Semana, Promoções, Categoria Referência SFCC",
        "Data_Coleta": "2025-06-01 02:35:16"
    },
    {
        "ID_Produto": "725892",
        "Categoria_Scraping": "bazar",
        "Nome": "Spray Brilho Pneus",
        "Marca": "Redex",
        "Preco": 4.2,
        "Unidade_Info": "N/A",
        "Categorias_GTM": "Categoria Referência SFCC, Automóvel, Bazar",
        "Data_Coleta": "2025-06-01 02:35:16"
    },
    {
        "ID_Produto": "725510",
        "Categoria_Scraping": "bazar",
        "Nome": "Spray Cockpit Cera Abelhas",
        "Marca": "Redex",
        "Preco": 3.99,
        "Unidade_Info": "N/A",
        "Categorias_GTM": "Categoria Referência SFCC, Automóvel, Bazar",
        "Data_Coleta": "2025-06-01 02:35:16"
    },
    {
        "ID_Produto": "549462",
        "Categoria_Scraping": "bazar",
        "Nome": "Spray Cockpit Holts",
        "Marca": "Holts",
        "Preco": 5.39,
        "Unidade_Info": "N/A",
        "Categorias_GTM": "Categoria Referência SFCC, Automóvel, Bazar",
        "Data_Coleta": "2025-06-01 02:35:16"
    },
    {
        "ID_Produto": "769055",
        "Categoria_Scraping": "bazar",
        "Nome": "Spray Limpa Estofos Tira Nódoas com Escova",
        "Marca": "Redex",
        "Preco": 6.99,
        "Unidade_Info": "N/A",
        "Categorias_GTM": "Categoria Referência SFCC, Automóvel, Bazar",
        "Data_Coleta": "2025-06-01 02:35:16"
    },
    {
        "ID_Produto": "725891",
        "Categoria_Scraping": "bazar",
        "Nome": "Spray Limpa Jantes Camaleão",
        "Marca": "Redex",
        "Preco": 4.2,
        "Unidade_Info": "N/A",
        "Categorias_GTM": "Categoria Referência SFCC, Automóvel, Bazar",
        "Data_Coleta": "2025-06-01 02:35:16"
    },
    {
        "ID_Produto": "768720",
        "Categoria_Scraping": "bazar",
        "Nome": "Spray Lubrificante Multiusos Dupla Ação",
        "Marca": "Redex",
        "Preco": 6.99,
        "Unidade_Info": "N/A",
        "Categorias_GTM": "Automóvel, Bazar, Categoria Referência SFCC",
        "Data_Coleta": "2025-06-01 02:35:16"
    },
    {
        "ID_Produto": "898944",
        "Categoria_Scraping": "bazar",
        "Nome": "Spray Multiusos",
        "Marca": "WD-40",
        "Preco": 7.39,
        "Unidade_Info": "N/A",
        "Categorias_GTM": "Automóvel, Bazar, Poupe Esta Semana, Promoções, Categoria Referência SFCC",
        "Data_Coleta": "2025-06-01 02:35:16"
    },
    {
        "ID_Produto": "879803",
        "Categoria_Scraping": "bazar",
        "Nome": "Tábua de Cozinha com 3 Facas",
        "Marca": "Smukee",
        "Preco": 8.99,
        "Unidade_Info": "N/A",
        "Categorias_GTM": "Bazar, Pequenos Domésticos, Poupe Esta Semana, Promoções, Categoria Referência SFCC",
        "Data_Coleta": "2025-06-01 02:35:16"
    },
    {
        "ID_Produto": "840476",
        "Categoria_Scraping": "bazar",
        "Nome": "Taça Inox 24cm",
        "Marca": "Smukee",
        "Preco": 3.69,
        "Unidade_Info": "N/A",
        "Categorias_GTM": "Categoria Referência SFCC, Bazar, Pequenos Domésticos, Poupe Este Fim De Semana, Poupe Esta Semana",
        "Data_Coleta": "2025-06-01 02:35:16"
    },
    {
        "ID_Produto": "962744",
        "Categoria_Scraping": "bazar",
        "Nome": "Tartarugas Ninja - Figuras com Skate",
        "Marca": "Tartarugas Ninja",
        "Preco": 13.99,
        "Unidade_Info": "N/A",
        "Categorias_GTM": "Bazar, Brinquedos, Poupe Esta Semana, Promoções, Categoria Referência SFCC",
        "Data_Coleta": "2025-06-01 02:35:24"
    },
    {
        "ID_Produto": "886056",
        "Categoria_Scraping": "bazar",
        "Nome": "Televisão LED 24 Polegadas",
        "Marca": "E-Smart",
        "Preco": 99,
        "Unidade_Info": "N/A",
        "Categorias_GTM": "Bazar, Pequenos Domésticos, Categoria Referência SFCC, Poupe Este Fim De Semana, Promoções",
        "Data_Coleta": "2025-06-01 02:35:24"
    },
    {
        "ID_Produto": "857037",
        "Categoria_Scraping": "bazar",
        "Nome": "Televisão Led 32 Polegadas",
        "Marca": "E-Smart",
        "Preco": 109,
        "Unidade_Info": "N/A",
        "Categorias_GTM": "Categoria Referência SFCC, Poupe Esta Semana, Bazar, Pequenos Domésticos, Promoções",
        "Data_Coleta": "2025-06-01 02:35:24"
    },
    {
        "ID_Produto": "923451",
        "Categoria_Scraping": "bazar",
        "Nome": "Televisão LED 32 Polegadas",
        "Marca": "Smart",
        "Preco": 139,
        "Unidade_Info": "N/A",
        "Categorias_GTM": "Bazar, Pequenos Domésticos, Categoria Referência SFCC, Poupe Este Fim De Semana, Promoções",
        "Data_Coleta": "2025-06-01 02:35:24"
    },
    {
        "ID_Produto": "943382",
        "Categoria_Scraping": "bazar",
        "Nome": "Tenda de Praia 200X120X95cm",
        "Marca": "Bestway",
        "Preco": 19.99,
        "Unidade_Info": "N/A",
        "Categorias_GTM": "Bazar, Jardim, Categoria Referência SFCC, Poupe Esta Semana, Promoções",
        "Data_Coleta": "2025-06-01 02:35:24"
    },
    {
        "ID_Produto": "974456",
        "Categoria_Scraping": "bazar",
        "Nome": "Termoacumuladores",
        "Marca": "Joinco",
        "Preco": 0.99,
        "Unidade_Info": "N/A",
        "Categorias_GTM": "Promoções, Bazar, Jardim, Poupe Esta Semana, Categoria Referência SFCC",
        "Data_Coleta": "2025-06-01 02:35:24"
    },
    {
        "ID_Produto": "700608",
        "Categoria_Scraping": "bazar",
        "Nome": "Termo para líquidos Inox 0,5l",
        "Marca": "Smukee",
        "Preco": 5.49,
        "Unidade_Info": "N/A",
        "Categorias_GTM": "Categoria Referência SFCC, Bazar, Pequenos Domésticos, Poupe Este Fim De Semana, Poupe Esta Semana",
        "Data_Coleta": "2025-06-01 02:35:24"
    },
    {
        "ID_Produto": "906205",
        "Categoria_Scraping": "bazar",
        "Nome": "Tesoura Escolar Security 13cm",
        "Marca": "Maped",
        "Preco": 1.49,
        "Unidade_Info": "N/A",
        "Categorias_GTM": "Bazar, Material de Escrita e Desenho, Papelaria, Categoria Referência SFCC",
        "Data_Coleta": "2025-06-01 02:35:24"
    },
    {
        "ID_Produto": "925507",
        "Categoria_Scraping": "bazar",
        "Nome": "Tesoura Jardinagem",
        "Marca": "Progarden",
        "Preco": 3.99,
        "Unidade_Info": "N/A",
        "Categorias_GTM": "Casa, Jardim, Poupe Esta Semana, Promoções, Categoria Referência SFCC",
        "Data_Coleta": "2025-06-01 02:35:24"
    },
    {
        "ID_Produto": "953179",
        "Categoria_Scraping": "bazar",
        "Nome": "Tigela de Cerâmica",
        "Marca": "Anilar",
        "Preco": 2.99,
        "Unidade_Info": "N/A",
        "Categorias_GTM": "Categoria Referência SFCC, Bazar, Pequenos Domésticos",
        "Data_Coleta": "2025-06-01 02:35:24"
    },
    {
        "ID_Produto": "933164",
        "Categoria_Scraping": "bazar",
        "Nome": "Torradeira",
        "Marca": "Hoffen",
        "Preco": 29.99,
        "Unidade_Info": "N/A",
        "Categorias_GTM": "Bazar, Pequenos Domésticos, Categoria Referência SFCC",
        "Data_Coleta": "2025-06-01 02:35:24"
    },
    {
        "ID_Produto": "956885",
        "Categoria_Scraping": "bazar",
        "Nome": "TORRADEIRA DUP HOFFEN F EXP TDRB-H158",
        "Marca": "HOFFEN",
        "Preco": 34.99,
        "Unidade_Info": "N/A",
        "Categorias_GTM": "Poupe Esta Semana, Promoções, Bazar, Pequenos Domésticos, Categoria Referência SFCC",
        "Data_Coleta": "2025-06-01 02:35:24"
    },
    {
        "ID_Produto": "933155",
        "Categoria_Scraping": "bazar",
        "Nome": "Torradeira Dupla",
        "Marca": "Hoffen",
        "Preco": 23.99,
        "Unidade_Info": "N/A",
        "Categorias_GTM": "Bazar, Pequenos Domésticos, Categoria Referência SFCC",
        "Data_Coleta": "2025-06-01 02:35:33"
    },
    {
        "ID_Produto": "967596",
        "Categoria_Scraping": "bazar",
        "Nome": "Trem Cozinha 4 Peças",
        "Marca": "Smukee",
        "Preco": 24.99,
        "Unidade_Info": "N/A",
        "Categorias_GTM": "Promoções, Bazar, Pequenos Domésticos, Poupe Esta Semana, Categoria Referência SFCC",
        "Data_Coleta": "2025-06-01 02:35:33"
    },
    {
        "ID_Produto": "693792",
        "Categoria_Scraping": "bazar",
        "Nome": "Trem de Cozinha 5 Peças Inox",
        "Marca": "Smukee",
        "Preco": 29.99,
        "Unidade_Info": "N/A",
        "Categorias_GTM": "Categoria Referência SFCC, Bazar, Pequenos Domésticos, Poupe Este Fim De Semana, Poupe Esta Semana",
        "Data_Coleta": "2025-06-01 02:35:33"
    },
    {
        "ID_Produto": "909605",
        "Categoria_Scraping": "bazar",
        "Nome": "Trotinete",
        "Marca": "Anilar",
        "Preco": 27.99,
        "Unidade_Info": "N/A",
        "Categorias_GTM": "Poupe Esta Semana, Promoções, Categoria Referência SFCC, Bazar, Jardim",
        "Data_Coleta": "2025-06-01 02:35:33"
    },
    {
        "ID_Produto": "909597",
        "Categoria_Scraping": "bazar",
        "Nome": "Trotinete 3 Rodas",
        "Marca": "Anilar",
        "Preco": 27.99,
        "Unidade_Info": "N/A",
        "Categorias_GTM": "Poupe Esta Semana, Promoções, Categoria Referência SFCC, Bazar, Jardim",
        "Data_Coleta": "2025-06-01 02:35:33"
    },
    {
        "ID_Produto": "181705",
        "Categoria_Scraping": "bazar",
        "Nome": "Tubo de Cola",
        "Marca": "UHU",
        "Preco": 4.09,
        "Unidade_Info": "N/A",
        "Categorias_GTM": "Bazar, Cadernos, Blocos e Arquivo, Papelaria, Categoria Referência SFCC",
        "Data_Coleta": "2025-06-01 02:35:33"
    },
    {
        "ID_Produto": "696349",
        "Categoria_Scraping": "bazar",
        "Nome": "Tubo de Cola",
        "Marca": "Mab",
        "Preco": 1.39,
        "Unidade_Info": "N/A",
        "Categorias_GTM": "Categoria Referência SFCC, Bazar, Cadernos, Blocos e Arquivo, Papelaria",
        "Data_Coleta": "2025-06-01 02:35:33"
    },
    {
        "ID_Produto": "696348",
        "Categoria_Scraping": "bazar",
        "Nome": "Tubo de Cola",
        "Marca": "Mab",
        "Preco": 1.59,
        "Unidade_Info": "N/A",
        "Categorias_GTM": "Categoria Referência SFCC, Bazar, Cadernos, Blocos e Arquivo, Papelaria",
        "Data_Coleta": "2025-06-01 02:35:33"
    },
    {
        "ID_Produto": "657239",
        "Categoria_Scraping": "bazar",
        "Nome": "Tubo de Cola Duplo",
        "Marca": "UHU",
        "Preco": 5.65,
        "Unidade_Info": "N/A",
        "Categorias_GTM": "Bazar, Cadernos, Blocos e Arquivo, Papelaria, Categoria Referência SFCC",
        "Data_Coleta": "2025-06-01 02:35:33"
    },
    {
        "ID_Produto": "95842",
        "Categoria_Scraping": "bazar",
        "Nome": "Tudo de Bolca",
        "Marca": "UHU",
        "Preco": 1.99,
        "Unidade_Info": "N/A",
        "Categorias_GTM": "Categoria Referência SFCC, Bazar, Cadernos, Blocos e Arquivo, Papelaria",
        "Data_Coleta": "2025-06-01 02:35:33"
    },
    {
        "ID_Produto": "955204",
        "Categoria_Scraping": "bazar",
        "Nome": "TV LED 43 Polegadas",
        "Marca": "E-Smart",
        "Preco": 229,
        "Unidade_Info": "N/A",
        "Categorias_GTM": "Categoria Referência SFCC, Bazar, Pequenos Domésticos, Poupe Este Fim De Semana, Poupe Esta Semana",
        "Data_Coleta": "2025-06-01 02:35:33"
    },
    {
        "ID_Produto": "888546",
        "Categoria_Scraping": "bazar",
        "Nome": "Utensílios Fruta",
        "Marca": "Smukee",
        "Preco": 1.59,
        "Unidade_Info": "N/A",
        "Categorias_GTM": "Poupe Esta Semana, Promoções, Categoria Referência SFCC, Bazar, Pequenos Domésticos",
        "Data_Coleta": "2025-06-01 02:35:33"
    },
    {
        "ID_Produto": "981048",
        "Categoria_Scraping": "bazar",
        "Nome": "Varinha Mágica",
        "Marca": "Hoffen",
        "Preco": 19.99,
        "Unidade_Info": "N/A",
        "Categorias_GTM": "Bazar, Pequenos Domésticos, Categoria Referência SFCC",
        "Data_Coleta": "2025-06-01 02:35:41"
    },
    {
        "ID_Produto": "916582",
        "Categoria_Scraping": "bazar",
        "Nome": "Varinha Mágica Easy Chef",
        "Marca": "Moulinex",
        "Preco": 27.99,
        "Unidade_Info": "N/A",
        "Categorias_GTM": "Bazar, Pequenos Domésticos, Poupe Esta Semana, Promoções, Categoria Referência SFCC",
        "Data_Coleta": "2025-06-01 02:35:41"
    },
    {
        "ID_Produto": "925490",
        "Categoria_Scraping": "bazar",
        "Nome": "Vaso",
        "Marca": "Plástico Forte",
        "Preco": 3.29,
        "Unidade_Info": "N/A",
        "Categorias_GTM": "Casa, Jardim, Poupe Esta Semana, Promoções, Categoria Referência SFCC",
        "Data_Coleta": "2025-06-01 02:35:41"
    },
    {
        "ID_Produto": "955712",
        "Categoria_Scraping": "bazar",
        "Nome": "Vaso Apolo",
        "Marca": "Plástico Forte",
        "Preco": 4.49,
        "Unidade_Info": "N/A",
        "Categorias_GTM": "Casa, Jardim, Categoria Referência SFCC, Poupe Esta Semana, Promoções",
        "Data_Coleta": "2025-06-01 02:35:41"
    },
    {
        "ID_Produto": "955709",
        "Categoria_Scraping": "bazar",
        "Nome": "Vaso Deserto",
        "Marca": "Plástico Forte",
        "Preco": 4.49,
        "Unidade_Info": "N/A",
        "Categorias_GTM": "Casa, Jardim, Categoria Referência SFCC, Promoções, Poupe Esta Semana",
        "Data_Coleta": "2025-06-01 02:35:41"
    },
    {
        "ID_Produto": "923495",
        "Categoria_Scraping": "bazar",
        "Nome": "Vaso Orquídea",
        "Marca": "Plástico Forte",
        "Preco": 1.49,
        "Unidade_Info": "N/A",
        "Categorias_GTM": "Casa, Jardim, Poupe Esta Semana, Promoções, Categoria Referência SFCC",
        "Data_Coleta": "2025-06-01 02:35:41"
    },
    {
        "ID_Produto": "955711",
        "Categoria_Scraping": "bazar",
        "Nome": "Vaso Palmeira",
        "Marca": "Plástico Forte",
        "Preco": 2.19,
        "Unidade_Info": "N/A",
        "Categorias_GTM": "Categoria Referência SFCC, Poupe Esta Semana, Promoções, Casa, Jardim",
        "Data_Coleta": "2025-06-01 02:35:41"
    },
    {
        "ID_Produto": "955708",
        "Categoria_Scraping": "bazar",
        "Nome": "Vaso Quadrado Plástico Forte 17cm",
        "Marca": "Plástico Forte",
        "Preco": 2.99,
        "Unidade_Info": "N/A",
        "Categorias_GTM": "Promoções, Categoria Referência SFCC, Poupe Esta Semana, Bazar, Jardim",
        "Data_Coleta": "2025-06-01 02:35:41"
    },
    {
        "ID_Produto": "955710",
        "Categoria_Scraping": "bazar",
        "Nome": "Vaso Quartzo",
        "Marca": "Plástico Forte",
        "Preco": 1.29,
        "Unidade_Info": "N/A",
        "Categorias_GTM": "Categoria Referência SFCC, Poupe Esta Semana, Promoções, Casa, Jardim",
        "Data_Coleta": "2025-06-01 02:35:41"
    },
    {
        "ID_Produto": "923494",
        "Categoria_Scraping": "bazar",
        "Nome": "Vaso Sahara/Wind plast forte 15cm 12748",
        "Marca": "Plástico Forte",
        "Preco": 2.99,
        "Unidade_Info": "N/A",
        "Categorias_GTM": "Promoções, Bazar, Jardim, Poupe Esta Semana, Categoria Referência SFCC",
        "Data_Coleta": "2025-06-01 02:35:41"
    },
    {
        "ID_Produto": "882777",
        "Categoria_Scraping": "bazar",
        "Nome": "Wok com Cabo Grey 28 cm",
        "Marca": "Celar",
        "Preco": 26.99,
        "Unidade_Info": "N/A",
        "Categorias_GTM": "Bazar, Pequenos Domésticos, Categoria Referência SFCC",
        "Data_Coleta": "2025-06-01 02:35:41"
    },
    {
        "ID_Produto": "728638",
        "Categoria_Scraping": "bazar",
        "Nome": "Wok Prática Plus",
        "Marca": "Celar",
        "Preco": 16.99,
        "Unidade_Info": "N/A",
        "Categorias_GTM": "Categoria Referência SFCC, Poupe Esta Semana, Promoções, Bazar, Pequenos Domésticos",
        "Data_Coleta": "2025-06-01 02:35:41"
    }
]